<?xml version="1.0" encoding="UTF-8"?>
<!DOCTYPE html PUBLIC "-//W3C//DTD XHTML 1.0 Transitional//EN"
    "http://www.w3.org/TR/xhtml1/DTD/xhtml1-transitional.dtd">
<html xmlns="http://www.w3.org/1999/xhtml" xml:lang="en" lang="en">
 <head>
  <title>
</title>
<meta http-equiv="Content-Type" content="text/html;charset=utf-8" />
  <meta name='ocr-system' content='tesseract 3.04.00' />
  <meta name='ocr-capabilities' content='ocr_page ocr_carea ocr_par ocr_line ocrx_word'/>
</head>
<body>
  <div class='ocr_page' id='page_1' title='image "./ccorntacitioper00brotgoog_0322.png"; bbox 0 0 2100 3709; ppageno 0'>
   <div class='ocr_carea' id='block_1_1' title="bbox 327 92 962 170">
    <p class='ocr_par' dir='ltr' id='par_1_1' title="bbox 327 92 962 170">
     <span class='ocr_line' id='line_1_1' title="bbox 327 92 962 170; baseline 0.003 -10"><span class='ocrx_word' id='word_1_1' title='bbox 327 118 565 170; x_wconf 78' lang='lat' dir='ltr'>nrsronrtauss</span> <span class='ocrx_word' id='word_1_2' title='bbox 585 111 646 158; x_wconf 68' lang='lat' dir='ltr'>tri,</span> <span class='ocrx_word' id='word_1_3' title='bbox 669 110 691 161; x_wconf 79' lang='lat' dir='ltr'>t·</span> <span class='ocrx_word' id='word_1_4' title='bbox 909 92 962 163; x_wconf 59' lang='lat'>&#39;323</span> 
     </span>
    </p>
   </div>
   <div class='ocr_carea' id='block_1_2' title="bbox 1 188 1038 3471">
    <p class='ocr_par' dir='ltr' id='par_1_2' title="bbox 31 188 964 769">
     <span class='ocr_line' id='line_1_2' title="bbox 32 188 960 274; baseline 0 -21"><span class='ocrx_word' id='word_1_5' title='bbox 32 219 109 253; x_wconf 77' lang='lat' dir='ltr'>voce</span> <span class='ocrx_word' id='word_1_6' title='bbox 117 203 245 269; x_wconf 86' lang='lat' dir='ltr'>vultuque</span> <span class='ocrx_word' id='word_1_7' title='bbox 253 212 404 269; x_wconf 81' lang='lat' dir='ltr'>temperans.</span> <span class='ocrx_word' id='word_1_8' title='bbox 413 202 523 252; x_wconf 82' lang='lat' dir='ltr'>Marium</span> <span class='ocrx_word' id='word_1_9' title='bbox 529 188 780 274; x_wconf 54' lang='lat' dir='ltr'>telsum,ennsul&#39;em</span> <span class='ocrx_word' id='word_1_10' title='bbox 787 194 960 273; x_wconf 80' lang='lat' dir='ltr'>designatum,</span> 
     </span>
     <span class='ocr_line' id='line_1_3' title="bbox 31 274 960 342; baseline 0 -16"><span class='ocrx_word' id='word_1_11' title='bbox 31 288 67 331; x_wconf 77' lang='lat' dir='ltr'>,et</span> <span class='ocrx_word' id='word_1_12' title='bbox 79 276 177 326; x_wconf 76' lang='lat' dir='ltr'>Galboe</span> <span class='ocrx_word' id='word_1_13' title='bbox 187 278 298 341; x_wconf 77' lang='lat' dir='ltr'>usquein</span> <span class='ocrx_word' id='word_1_14' title='bbox 306 288 431 325; x_wconf 81' lang='lat' dir='ltr'>extremas</span> <span class='ocrx_word' id='word_1_15' title='bbox 441 278 599 325; x_wconf 80' lang='lat' dir='ltr'>retamicum</span> <span class='ocrx_word' id='word_1_16' title='bbox 608 274 751 339; x_wconf 74' lang='lat' dir='ltr'>fidumque,</span> <span class='ocrx_word' id='word_1_17' title='bbox 766 275 796 323; x_wconf 87' lang='lat' dir='ltr'>ad</span> <span class='ocrx_word' id='word_1_18' title='bbox 807 276 960 342; x_wconf 86' lang='lat' dir='ltr'>supplicium</span> 
     </span>
     <span class='ocr_line' id='line_1_4' title="bbox 35 349 958 417; baseline 0 -18"><span class='ocrx_word' id='word_1_19' title='bbox 35 350 260 416; x_wconf 76' lang='lat' dir='ltr'><strong>expostulabant,</strong></span> <span class='ocrx_word' id='word_1_20' title='bbox 270 350 398 399; x_wconf 71' lang='lat' dir='ltr'>industrie</span> <span class='ocrx_word' id='word_1_21' title='bbox 405 349 458 413; x_wconf 81' lang='lat' dir='ltr'>ejus</span> <span class='ocrx_word' id='word_1_22' title='bbox 466 350 674 414; x_wconf 80' lang='lat' dir='ltr'>innocentiaeque,</span> <span class='ocrx_word' id='word_1_23' title='bbox 686 349 758 413; x_wconf 84' lang='lat' dir='ltr'>quasi</span> <span class='ocrx_word' id='word_1_24' title='bbox 771 349 841 397; x_wconf 87' lang='lat' dir='ltr'>malis</span> <span class='ocrx_word' id='word_1_25' title='bbox 851 351 958 417; x_wconf 87' lang='lat' dir='ltr'>artibus,</span> 
     </span>
     <span class='ocr_line' id='line_1_5' title="bbox 37 424 960 491; baseline 0 -17"><span class='ocrx_word' id='word_1_26' title='bbox 37 426 155 477; x_wconf 81' lang='lat' dir='ltr'>infensi.</span> <span class='ocrx_word' id='word_1_27' title='bbox 167 425 248 474; x_wconf 75' lang='lat' dir='ltr'>Caedis</span> <span class='ocrx_word' id='word_1_28' title='bbox 257 437 283 474; x_wconf 91' lang='lat' dir='ltr'>et</span> <span class='ocrx_word' id='word_1_29' title='bbox 296 424 434 491; x_wconf 82' lang='lat' dir='ltr'>praedarum</span> <span class='ocrx_word' id='word_1_30' title='bbox 446 426 560 483; x_wconf 91' lang='lat' dir='ltr'>initium,</span> <span class='ocrx_word' id='word_1_31' title='bbox 572 437 597 472; x_wconf 92' lang='lat' dir='ltr'>ct</span> <span class='ocrx_word' id='word_1_32' title='bbox 609 425 705 489; x_wconf 88' lang='lat' dir='ltr'>optimo</span> <span class='ocrx_word' id='word_1_33' title='bbox 718 425 809 488; x_wconf 89' lang='lat' dir='ltr'>cuique</span> <span class='ocrx_word' id='word_1_34' title='bbox 820 425 960 489; x_wconf 88' lang='lat' dir='ltr'>perniciem</span> 
     </span>
     <span class='ocr_line' id='line_1_6' title="bbox 38 496 962 565; baseline -0.002 -18"><span class='ocrx_word' id='word_1_35' title='bbox 38 501 130 563; x_wconf 73' lang='lat' dir='ltr'>quaeri</span> <span class='ocrx_word' id='word_1_36' title='bbox 139 501 278 565; x_wconf 75' lang='lat' dir='ltr'>apparebat</span> <span class='ocrx_word' id='word_1_37' title='bbox 290 518 296 548; x_wconf 82' lang='lat'>2</span> <span class='ocrx_word' id='word_1_38' title='bbox 307 499 352 549; x_wconf 92' lang='lat' dir='ltr'>sed</span> <span class='ocrx_word' id='word_1_39' title='bbox 362 499 459 551; x_wconf 89' lang='lat' dir='ltr'>Otboni</span> <span class='ocrx_word' id='word_1_40' title='bbox 468 497 583 547; x_wconf 87' lang='lat' dir='ltr'>nondum</span> <span class='ocrx_word' id='word_1_41' title='bbox 593 500 730 547; x_wconf 76' lang='lat' dir='ltr'><strong>auctoritas</strong></span> <span class='ocrx_word' id='word_1_42' title='bbox 741 497 822 547; x_wconf 87' lang='lat' dir='ltr'>inerat</span> <span class='ocrx_word' id='word_1_43' title='bbox 832 497 864 545; x_wconf 86' lang='lat' dir='ltr'>ad</span> <span class='ocrx_word' id='word_1_44' title='bbox 874 496 962 563; x_wconf 84' lang='lat' dir='ltr'>prohi-</span> 
     </span>
     <span class='ocr_line' id='line_1_7' title="bbox 37 570 964 638; baseline -0.004 -17"><span class='ocrx_word' id='word_1_45' title='bbox 37 571 170 621; x_wconf 86' lang='lat' dir='ltr'>bendum</span> <span class='ocrx_word' id='word_1_46' title='bbox 180 572 262 621; x_wconf 89' lang='lat' dir='ltr'>scelus</span> <span class='ocrx_word' id='word_1_47' title='bbox 272 591 279 634; x_wconf 78' lang='lat'>3</span> <span class='ocrx_word' id='word_1_48' title='bbox 291 571 437 636; x_wconf 77' lang='lat' dir='ltr'>iuberejam</span> <span class='ocrx_word' id='word_1_49' title='bbox 448 580 558 638; x_wconf 86' lang='lat' dir='ltr'>poterat.</span> <span class='ocrx_word' id='word_1_50' title='bbox 571 571 609 619; x_wconf 86' lang='lat' dir='ltr'>Ita</span> <span class='ocrx_word' id='word_1_51' title='bbox 623 570 783 625; x_wconf 75' lang='lat' dir='ltr'>simulatione</span> <span class='ocrx_word' id='word_1_52' title='bbox 794 573 848 633; x_wconf 77' lang='lat' dir='ltr'>irre,</span> <span class='ocrx_word' id='word_1_53' title='bbox 862 572 964 624; x_wconf 78' lang='lat' dir='ltr'>vinciri</span> 
     </span>
     <span class='ocr_line' id='line_1_8' title="bbox 41 641 963 711; baseline 0 -18"><span class='ocrx_word' id='word_1_54' title='bbox 41 660 169 709; x_wconf 74' lang='lat' dir='ltr'>jussum,</span> <span class='ocrx_word' id='word_1_55' title='bbox 181 656 206 694; x_wconf 85' lang='lat' dir='ltr'>et</span> <span class='ocrx_word' id='word_1_56' title='bbox 217 644 345 707; x_wconf 75' lang='lat' dir='ltr'>«maiores</span> <span class='ocrx_word' id='word_1_57' title='bbox 356 661 442 710; x_wconf 86' lang='lat' dir='ltr'>poenss</span> <span class='ocrx_word' id='word_1_58' title='bbox 452 643 590 693; x_wconf 69' lang='lat' dir='ltr'>daturums)</span> <span class='ocrx_word' id='word_1_59' title='bbox 600 641 733 693; x_wconf 83' lang='lat' dir='ltr'>adfirmans</span> <span class='ocrx_word' id='word_1_60' title='bbox 741 680 749 704; x_wconf 90' lang='lat'>,</span> <span class='ocrx_word' id='word_1_61' title='bbox 759 643 873 711; x_wconf 82' lang='lat' dir='ltr'>praetenti</span> <span class='ocrx_word' id='word_1_62' title='bbox 885 644 963 693; x_wconf 77' lang='lat' dir='ltr'>exitio</span> 
     </span>
     <span class='ocr_line' id='line_1_9' title="bbox 43 718 714 769; baseline -0.003 0"><span class='ocrx_word' id='word_1_63' title='bbox 43 719 190 769; x_wconf 81' lang='lat' dir='ltr'>subtraxit.</span> <span class='ocrx_word' id='word_1_64' title='bbox 205 720 296 769; x_wconf 87' lang='lat' dir='ltr'>Omnia</span> <span class='ocrx_word' id='word_1_65' title='bbox 307 718 398 768; x_wconf 76' lang='lat' dir='ltr'>deinde</span> <span class='ocrx_word' id='word_1_66' title='bbox 410 720 514 768; x_wconf 89' lang='lat' dir='ltr'>arbitrio</span> <span class='ocrx_word' id='word_1_67' title='bbox 527 718 638 767; x_wconf 89' lang='lat' dir='ltr'>militum</span> <span class='ocrx_word' id='word_1_68' title='bbox 650 728 714 767; x_wconf 81' lang='lat' dir='ltr'>aeta.</span> 
     </span>
    </p>

    <p class='ocr_par' dir='ltr' id='par_1_3' title="bbox 45 780 1005 2535">
     <span class='ocr_line' id='line_1_10' title="bbox 75 780 965 870; baseline -0.001 -31"><span class='ocrx_word' id='word_1_69' title='bbox 75 790 180 842; x_wconf 84' lang='lat' dir='ltr'>XLVI.</span> <span class='ocrx_word' id='word_1_70' title='bbox 188 780 300 841; x_wconf 74' lang='lat' dir='ltr'>Platorii</span> <span class='ocrx_word' id='word_1_71' title='bbox 307 790 435 856; x_wconf 77' lang='lat' dir='ltr'>praefectos</span> <span class='ocrx_word' id='word_1_72' title='bbox 441 791 489 840; x_wconf 90' lang='lat' dir='ltr'>sibi</span> <span class='ocrx_word' id='word_1_73' title='bbox 497 793 544 855; x_wconf 91' lang='lat' dir='ltr'>ipsi</span> <span class='ocrx_word' id='word_1_74' title='bbox 551 791 632 870; x_wconf 69' lang='lat' dir='ltr'>lqure</span> <span class='ocrx_word' id='word_1_75' title='bbox 642 792 767 839; x_wconf 89' lang='lat' dir='ltr'>:Plotium</span> <span class='ocrx_word' id='word_1_76' title='bbox 773 790 884 839; x_wconf 83' lang='lat' dir='ltr'>Firmum</span> <span class='ocrx_word' id='word_1_77' title='bbox 893 789 904 838; x_wconf 78' lang='lat' dir='ltr'>l</span> <span class='ocrx_word' id='word_1_78' title='bbox 913 806 965 838; x_wconf 86' lang='lat' dir='ltr'>ms·</span> 
     </span>
     <span class='ocr_line' id='line_1_11' title="bbox 46 863 964 931; baseline -0.002 -17"><span class='ocrx_word' id='word_1_79' title='bbox 46 864 217 930; x_wconf 83' lang='lat' dir='ltr'>tripularibus</span> <span class='ocrx_word' id='word_1_80' title='bbox 226 864 367 931; x_wconf 89' lang='lat' dir='ltr'>qnondam,</span> <span class='ocrx_word' id='word_1_81' title='bbox 376 876 433 915; x_wconf 85' lang='lat' dir='ltr'>tum</span> <span class='ocrx_word' id='word_1_82' title='bbox 443 867 560 931; x_wconf 81' lang='lat' dir='ltr'>vigilibus</span> <span class='ocrx_word' id='word_1_83' title='bbox 569 868 727 931; x_wconf 77' lang='lat' dir='ltr'>prepositum</span> <span class='ocrx_word' id='word_1_84' title='bbox 737 901 743 922; x_wconf 93' lang='lat'>‚</span> <span class='ocrx_word' id='word_1_85' title='bbox 753 876 779 914; x_wconf 89' lang='lat' dir='ltr'>et</span> <span class='ocrx_word' id='word_1_86' title='bbox 788 865 907 913; x_wconf 88' lang='lat' dir='ltr'>incolumi</span> <span class='ocrx_word' id='word_1_87' title='bbox 918 863 964 912; x_wconf 85' lang='lat' dir='ltr'>ad-</span> 
     </span>
     <span class='ocr_line' id='line_1_12' title="bbox 45 936 964 1005; baseline 0.001 -21"><span class='ocrx_word' id='word_1_88' title='bbox 45 936 104 986; x_wconf 89' lang='lat' dir='ltr'>lruc</span> <span class='ocrx_word' id='word_1_89' title='bbox 114 939 195 987; x_wconf 68' lang='lat' dir='ltr'>Galba</span> <span class='ocrx_word' id='word_1_90' title='bbox 204 951 287 1004; x_wconf 81' lang='lat' dir='ltr'>partes</span> <span class='ocrx_word' id='word_1_91' title='bbox 297 938 406 989; x_wconf 80' lang='lat' dir='ltr'>Othonia</span> <span class='ocrx_word' id='word_1_92' title='bbox 413 952 529 989; x_wconf 87' lang='lat' dir='ltr'>secutum</span> <span class='ocrx_word' id='word_1_93' title='bbox 541 956 547 987; x_wconf 77' lang='grc' dir='ltr'><em>ι</em></span> <span class='ocrx_word' id='word_1_94' title='bbox 558 938 703 1005; x_wconf 76' lang='lat' dir='ltr'>adjungitur</span> <span class='ocrx_word' id='word_1_95' title='bbox 711 938 822 989; x_wconf 83' lang='lat' dir='ltr'>Licinius</span> <span class='ocrx_word' id='word_1_96' title='bbox 830 937 964 995; x_wconf 89' lang='lat' dir='ltr'>Proculus,</span> 
     </span>
     <span class='ocr_line' id='line_1_13' title="bbox 45 1007 964 1079; baseline -0.003 -20"><span class='ocrx_word' id='word_1_97' title='bbox 45 1011 145 1059; x_wconf 68' lang='lat' dir='ltr'>intimi</span> <span class='ocrx_word' id='word_1_98' title='bbox 152 1009 320 1061; x_wconf 72' lang='lat' dir='ltr'>familiaritate</span> <span class='ocrx_word' id='word_1_99' title='bbox 330 1012 438 1061; x_wconf 80' lang='lat' dir='ltr'>Othonia</span> <span class='ocrx_word' id='word_1_100' title='bbox 446 1049 453 1071; x_wconf 89' lang='lat'>,</span> <span class='ocrx_word' id='word_1_101' title='bbox 462 1024 596 1079; x_wconf 87' lang='lat' dir='ltr'>suspectus</span> <span class='ocrx_word' id='word_1_102' title='bbox 608 1013 711 1062; x_wconf 83' lang='lat' dir='ltr'>consilia</span> <span class='ocrx_word' id='word_1_103' title='bbox 722 1012 775 1075; x_wconf 75' lang='lat' dir='ltr'>ejus</span> <span class='ocrx_word' id='word_1_104' title='bbox 785 1011 888 1061; x_wconf 80' lang='lat' dir='ltr'>inrisae.</span> <span class='ocrx_word' id='word_1_105' title='bbox 898 1007 964 1057; x_wconf 90' lang='lat' dir='ltr'>Urbi</span> 
     </span>
     <span class='ocr_line' id='line_1_14' title="bbox 47 1084 964 1151; baseline -0.005 -17"><span class='ocrx_word' id='word_1_106' title='bbox 47 1084 173 1135; x_wconf 86' lang='lat' dir='ltr'>Flavium</span> <span class='ocrx_word' id='word_1_107' title='bbox 187 1086 308 1134; x_wconf 81' lang='lat' dir='ltr'>Sabinum</span> <span class='ocrx_word' id='word_1_108' title='bbox 325 1084 471 1151; x_wconf 68' lang='lat' dir='ltr'>prelectre,</span> <span class='ocrx_word' id='word_1_109' title='bbox 484 1086 608 1149; x_wconf 72' lang='lat' dir='ltr'>iudicium</span> <span class='ocrx_word' id='word_1_110' title='bbox 620 1086 730 1135; x_wconf 82' lang='lat' dir='ltr'>Neronis</span> <span class='ocrx_word' id='word_1_111' title='bbox 743 1085 841 1143; x_wconf 52' lang='lat' dir='ltr'>santi,</span> <span class='ocrx_word' id='word_1_112' title='bbox 856 1084 901 1133; x_wconf 86' lang='lat' dir='ltr'>sub</span> <span class='ocrx_word' id='word_1_113' title='bbox 913 1097 964 1147; x_wconf 90' lang='lat' dir='ltr'>quo</span> 
     </span>
     <span class='ocr_line' id='line_1_15' title="bbox 49 1158 1005 1226; baseline -0.005 -19"><span class='ocrx_word' id='word_1_114' title='bbox 49 1158 272 1210; x_wconf 66' lang='lat' dir='ltr'>eamdem‘curam</span> <span class='ocrx_word' id='word_1_115' title='bbox 281 1159 442 1221; x_wconf 74' lang='lat' dir='ltr'>obtinuerat:</span> <span class='ocrx_word' id='word_1_116' title='bbox 453 1159 579 1224; x_wconf 86' lang='lat' dir='ltr'>plerisque</span> <span class='ocrx_word' id='word_1_117' title='bbox 590 1160 774 1226; x_wconf 73' lang='lat' dir='ltr'>Vespasianum</span> <span class='ocrx_word' id='word_1_118' title='bbox 786 1160 888 1208; x_wconf 83' lang='lat' dir='ltr'>fratrem</span> <span class='ocrx_word' id='word_1_119' title='bbox 899 1158 923 1205; x_wconf 92' lang='lat' dir='ltr'>iu</span> <span class='ocrx_word' id='word_1_120' title='bbox 934 1171 965 1203; x_wconf 91' lang='lat' dir='ltr'>co</span> <span class='ocrx_word' id='word_1_121' title='bbox 1001 1206 1005 1213; x_wconf 63' lang='grc'><strong><em>,</em></strong></span> 
     </span>
     <span class='ocr_line' id='line_1_16' title="bbox 50 1230 968 1299; baseline -0.002 -18"><span class='ocrx_word' id='word_1_122' title='bbox 50 1233 266 1298; x_wconf 78' lang='lat' dir='ltr'>respicientibus.</span> <span class='ocrx_word' id='word_1_123' title='bbox 277 1233 447 1299; x_wconf 66' lang='lat' dir='ltr'>FlagitatumJ</span> <span class='ocrx_word' id='word_1_124' title='bbox 459 1250 473 1281; x_wconf 89' lang='lat' dir='ltr'>tt</span> <span class='ocrx_word' id='word_1_125' title='bbox 483 1243 512 1280; x_wconf 90' lang='lat' dir='ltr'>ut</span> <span class='ocrx_word' id='word_1_126' title='bbox 524 1234 665 1282; x_wconf 82' lang='lat' dir='ltr'>vacationes</span> <span class='ocrx_word' id='word_1_127' title='bbox 676 1270 682 1291; x_wconf 88' lang='lat'>‚</span> <span class='ocrx_word' id='word_1_128' title='bbox 693 1235 806 1299; x_wconf 74' lang='lat' dir='ltr'>prestari</span> <span class='ocrx_word' id='word_1_129' title='bbox 816 1230 968 1283; x_wconf 81' lang='lat' dir='ltr'>centurioni·</span> 
     </span>
     <span class='ocr_line' id='line_1_17' title="bbox 49 1303 966 1369; baseline 0 -16"><span class='ocrx_word' id='word_1_130' title='bbox 49 1305 104 1356; x_wconf 84' lang='lat' dir='ltr'>bus</span> <span class='ocrx_word' id='word_1_131' title='bbox 114 1306 203 1364; x_wconf 71' lang='lat' dir='ltr'>solita,</span> <span class='ocrx_word' id='word_1_132' title='bbox 211 1306 435 1356; x_wconf 73' lang='lat' dir='ltr'>remitterentur».</span> <span class='ocrx_word' id='word_1_133' title='bbox 446 1303 565 1367; x_wconf 78' lang='lat' dir='ltr'>Namque</span> <span class='ocrx_word' id='word_1_134' title='bbox 574 1304 700 1369; x_wconf 77' lang='lat' dir='ltr'>gregarius</span> <span class='ocrx_word' id='word_1_135' title='bbox 709 1306 791 1365; x_wconf 83' lang='lat' dir='ltr'>miles,</span> <span class='ocrx_word' id='word_1_136' title='bbox 803 1318 831 1353; x_wconf 91' lang='lat' dir='ltr'>ut</span> <span class='ocrx_word' id='word_1_137' title='bbox 842 1305 966 1354; x_wconf 86' lang='lat' dir='ltr'>tributum</span> 
     </span>
     <span class='ocr_line' id='line_1_18' title="bbox 51 1376 966 1443; baseline 0.003 -18"><span class='ocrx_word' id='word_1_138' title='bbox 51 1394 186 1441; x_wconf 84' lang='lat' dir='ltr'>aunuum,</span> <span class='ocrx_word' id='word_1_139' title='bbox 198 1376 334 1443; x_wconf 79' lang='lat' dir='ltr'>pendebat.</span> <span class='ocrx_word' id='word_1_140' title='bbox 345 1380 442 1443; x_wconf 85' lang='lat' dir='ltr'>Quarta</span> <span class='ocrx_word' id='word_1_141' title='bbox 450 1394 508 1443; x_wconf 88' lang='lat' dir='ltr'>pars</span> <span class='ocrx_word' id='word_1_142' title='bbox 516 1378 639 1443; x_wconf 86' lang='lat' dir='ltr'>manipuli</span> <span class='ocrx_word' id='word_1_143' title='bbox 649 1394 732 1441; x_wconf 88' lang='lat' dir='ltr'>sparsa</span> <span class='ocrx_word' id='word_1_144' title='bbox 742 1394 787 1443; x_wconf 89' lang='lat' dir='ltr'>per</span> <span class='ocrx_word' id='word_1_145' title='bbox 797 1391 966 1443; x_wconf 85' lang='lat' dir='ltr'>commeatus,</span> 
     </span>
     <span class='ocr_line' id='line_1_19' title="bbox 53 1448 967 1516; baseline 0 -17"><span class='ocrx_word' id='word_1_146' title='bbox 53 1459 101 1499; x_wconf 84' lang='lat' dir='ltr'>aut</span> <span class='ocrx_word' id='word_1_147' title='bbox 113 1450 141 1497; x_wconf 87' lang='lat' dir='ltr'>in</span> <span class='ocrx_word' id='word_1_148' title='bbox 155 1452 216 1515; x_wconf 84' lang='lat' dir='ltr'>ipsis</span> <span class='ocrx_word' id='word_1_149' title='bbox 229 1452 317 1501; x_wconf 88' lang='lat' dir='ltr'>castris</span> <span class='ocrx_word' id='word_1_150' title='bbox 328 1466 405 1516; x_wconf 79' lang='lat' dir='ltr'>vaga,</span> <span class='ocrx_word' id='word_1_151' title='bbox 419 1450 479 1498; x_wconf 91' lang='lat' dir='ltr'>dum</span> <span class='ocrx_word' id='word_1_152' title='bbox 493 1448 636 1503; x_wconf 79' lang='lat' dir='ltr'>mercedem</span> <span class='ocrx_word' id='word_1_153' title='bbox 647 1451 788 1499; x_wconf 89' lang='lat' dir='ltr'>centurioni</span> <span class='ocrx_word' id='word_1_154' title='bbox 806 1450 967 1510; x_wconf 67' lang='lat' dir='ltr'>exsolveret,</span> 
     </span>
     <span class='ocr_line' id='line_1_20' title="bbox 56 1518 968 1590; baseline 0.001 -20"><span class='ocrx_word' id='word_1_155' title='bbox 56 1539 144 1586; x_wconf 80' lang='lat' dir='ltr'>neque</span> <span class='ocrx_word' id='word_1_156' title='bbox 157 1518 261 1573; x_wconf 86' lang='lat' dir='ltr'>rrindurn</span> <span class='ocrx_word' id='word_1_157' title='bbox 275 1525 361 1573; x_wconf 86' lang='lat' dir='ltr'>oneris</span> <span class='ocrx_word' id='word_1_158' title='bbox 373 1524 521 1590; x_wconf 80' lang='lat' dir='ltr'>quisquam,</span> <span class='ocrx_word' id='word_1_159' title='bbox 535 1540 616 1587; x_wconf 90' lang='lat' dir='ltr'>uequc</span> <span class='ocrx_word' id='word_1_160' title='bbox 627 1534 705 1587; x_wconf 77' lang='lat' dir='ltr'>&#39;genus</span> <span class='ocrx_word' id='word_1_161' title='bbox 717 1521 824 1587; x_wconf 80' lang='lat' dir='ltr'>qnastdr</span> <span class='ocrx_word' id='word_1_162' title='bbox 837 1523 906 1587; x_wconf 87' lang='lat' dir='ltr'>pensi</span> <span class='ocrx_word' id='word_1_163' title='bbox 919 1521 968 1571; x_wconf 88' lang='lat' dir='ltr'>lra-</span> 
     </span>
     <span class='ocr_line' id='line_1_21' title="bbox 54 1591 969 1663; baseline -0.002 -18"><span class='ocrx_word' id='word_1_164' title='bbox 54 1596 152 1645; x_wconf 86' lang='lat' dir='ltr'>bebat:</span> <span class='ocrx_word' id='word_1_165' title='bbox 165 1614 210 1662; x_wconf 86' lang='lat' dir='ltr'>per</span> <span class='ocrx_word' id='word_1_166' title='bbox 219 1597 351 1645; x_wconf 88' lang='lat' dir='ltr'>latrocinia</span> <span class='ocrx_word' id='word_1_167' title='bbox 362 1609 387 1646; x_wconf 87' lang='lat' dir='ltr'>et</span> <span class='ocrx_word' id='word_1_168' title='bbox 395 1591 491 1663; x_wconf 68' lang='lat' dir='ltr'>raptus,</span> <span class='ocrx_word' id='word_1_169' title='bbox 502 1608 547 1645; x_wconf 91' lang='lat' dir='ltr'>aut</span> <span class='ocrx_word' id='word_1_170' title='bbox 555 1596 686 1645; x_wconf 80' lang='lat' dir='ltr'>servilibus</span> <span class='ocrx_word' id='word_1_171' title='bbox 695 1596 850 1653; x_wconf 86' lang='lat' dir='ltr'>ministeriis,</span> <span class='ocrx_word' id='word_1_172' title='bbox 861 1595 969 1643; x_wconf 75' lang='lat' dir='ltr'>militare</span> 
     </span>
     <span class='ocr_line' id='line_1_22' title="bbox 55 1664 968 1735; baseline -0.001 -17"><span class='ocrx_word' id='word_1_173' title='bbox 55 1670 142 1718; x_wconf 89' lang='lat' dir='ltr'>otium</span> <span class='ocrx_word' id='word_1_174' title='bbox 154 1668 324 1719; x_wconf 82' lang='lat' dir='ltr'>redimebant.</span> <span class='ocrx_word' id='word_1_175' title='bbox 332 1668 399 1717; x_wconf 90' lang='lat' dir='ltr'>Tum</span> <span class='ocrx_word' id='word_1_176' title='bbox 409 1669 621 1735; x_wconf 89' lang='lat' dir='ltr'>locupletissimus</span> <span class='ocrx_word' id='word_1_177' title='bbox 632 1664 738 1733; x_wconf 56' lang='lat' dir='ltr'>quisqu&amp;</span> <span class='ocrx_word' id='word_1_178' title='bbox 747 1669 832 1731; x_wconf 89' lang='lat' dir='ltr'>miles,</span> <span class='ocrx_word' id='word_1_179' title='bbox 843 1666 930 1716; x_wconf 87' lang='lat' dir='ltr'>labore</span> <span class='ocrx_word' id='word_1_180' title='bbox 939 1683 968 1717; x_wconf 88' lang='lat' dir='ltr'>ac</span> 
     </span>
     <span class='ocr_line' id='line_1_23' title="bbox 54 1734 961 1807; baseline -0.004 -14"><span class='ocrx_word' id='word_1_181' title='bbox 54 1740 150 1793; x_wconf 71' lang='lat' dir='ltr'>writid</span> <span class='ocrx_word' id='word_1_182' title='bbox 166 1742 280 1807; x_wconf 65' lang='lat' dir='ltr'>fatigari,</span> <span class='ocrx_word' id='word_1_183' title='bbox 298 1741 379 1791; x_wconf 86' lang='lat' dir='ltr'>donec</span> <span class='ocrx_word' id='word_1_184' title='bbox 393 1744 550 1793; x_wconf 84' lang='lat' dir='ltr'>vacationem</span> <span class='ocrx_word' id='word_1_185' title='bbox 569 1734 681 1792; x_wconf 80' lang='lat' dir='ltr'>emeret:</span> <span class='ocrx_word' id='word_1_186' title='bbox 697 1742 740 1790; x_wconf 94' lang='lat' dir='ltr'>ubi</span> <span class='ocrx_word' id='word_1_187' title='bbox 755 1741 898 1806; x_wconf 85' lang='lat' dir='ltr'>sumptibus</span> <span class='ocrx_word' id='word_1_188' title='bbox 915 1756 961 1789; x_wconf 83' lang='lat' dir='ltr'>cx-</span> 
     </span>
     <span class='ocr_line' id='line_1_24' title="bbox 55 1812 967 1883; baseline -0.002 -22"><span class='ocrx_word' id='word_1_189' title='bbox 55 1812 182 1875; x_wconf 73' lang='lat' dir='ltr'>lraustus,</span> <span class='ocrx_word' id='word_1_190' title='bbox 199 1814 315 1864; x_wconf 69' lang='lat' dir='ltr'>socordia</span> <span class='ocrx_word' id='word_1_191' title='bbox 335 1816 438 1881; x_wconf 89' lang='lat' dir='ltr'>insuper</span> <span class='ocrx_word' id='word_1_192' title='bbox 454 1817 620 1880; x_wconf 66' lang='lat' dir='ltr'>elanguerat,</span> <span class='ocrx_word' id='word_1_193' title='bbox 633 1815 706 1881; x_wconf 86' lang='lat' dir='ltr'>inops</span> <span class='ocrx_word' id='word_1_194' title='bbox 721 1830 768 1883; x_wconf 86' lang='lat' dir='ltr'>pro</span> <span class='ocrx_word' id='word_1_195' title='bbox 782 1814 923 1881; x_wconf 82' lang='lat' dir='ltr'>locuplete,</span> <span class='ocrx_word' id='word_1_196' title='bbox 940 1821 967 1860; x_wconf 90' lang='lat' dir='ltr'>et</span> 
     </span>
     <span class='ocr_line' id='line_1_25' title="bbox 56 1884 969 1955; baseline -0.002 -20"><span class='ocrx_word' id='word_1_197' title='bbox 56 1886 127 1935; x_wconf 84' lang='lat' dir='ltr'>iners</span> <span class='ocrx_word' id='word_1_198' title='bbox 138 1903 183 1952; x_wconf 85' lang='lat' dir='ltr'>pro</span> <span class='ocrx_word' id='word_1_199' title='bbox 193 1899 310 1947; x_wconf 87' lang='lat' dir='ltr'>strenuo,</span> <span class='ocrx_word' id='word_1_200' title='bbox 321 1891 349 1937; x_wconf 87' lang='lat' dir='ltr'>in</span> <span class='ocrx_word' id='word_1_201' title='bbox 360 1890 519 1955; x_wconf 85' lang='lat' dir='ltr'>manipulum</span> <span class='ocrx_word' id='word_1_202' title='bbox 530 1888 629 1938; x_wconf 83' lang='lat' dir='ltr'>redibat</span> <span class='ocrx_word' id='word_1_203' title='bbox 640 1905 646 1936; x_wconf 81' lang='lat' dir='ltr'>r</span> <span class='ocrx_word' id='word_1_204' title='bbox 660 1905 688 1937; x_wconf 87' lang='lat' dir='ltr'>ac</span> <span class='ocrx_word' id='word_1_205' title='bbox 702 1884 803 1951; x_wconf 85' lang='lat' dir='ltr'>rursirs,</span> <span class='ocrx_word' id='word_1_206' title='bbox 817 1887 881 1935; x_wconf 83' lang='lat' dir='ltr'>nlius</span> <span class='ocrx_word' id='word_1_207' title='bbox 892 1898 969 1950; x_wconf 82' lang='lat' dir='ltr'>atque</span> 
     </span>
     <span class='ocr_line' id='line_1_26' title="bbox 58 1959 968 2031; baseline -0.001 -23"><span class='ocrx_word' id='word_1_208' title='bbox 58 1960 133 2029; x_wconf 81' lang='lat' dir='ltr'>alius,</span> <span class='ocrx_word' id='word_1_209' title='bbox 144 1960 231 2009; x_wconf 75' lang='lat' dir='ltr'>eidem</span> <span class='ocrx_word' id='word_1_210' title='bbox 243 1973 351 2026; x_wconf 80' lang='lat' dir='ltr'>egestate</span> <span class='ocrx_word' id='word_1_211' title='bbox 361 1979 390 2011; x_wconf 91' lang='lat' dir='ltr'>ac</span> <span class='ocrx_word' id='word_1_212' title='bbox 398 1960 503 2011; x_wconf 74' lang='lat' dir='ltr'>ti&#39;cenut</span> <span class='ocrx_word' id='word_1_213' title='bbox 512 1964 635 2031; x_wconf 82' lang='lat' dir='ltr'>corrupti,</span> <span class='ocrx_word' id='word_1_214' title='bbox 647 1962 679 2011; x_wconf 87' lang='lat' dir='ltr'>ad</span> <span class='ocrx_word' id='word_1_215' title='bbox 689 1962 825 2013; x_wconf 76' lang='lat' dir='ltr'>seditiones</span> <span class='ocrx_word' id='word_1_216' title='bbox 835 1971 861 2010; x_wconf 87' lang='lat' dir='ltr'>et</span> <span class='ocrx_word' id='word_1_217' title='bbox 870 1959 968 2008; x_wconf 84' lang='lat' dir='ltr'>discor-</span> 
     </span>
     <span class='ocr_line' id='line_1_27' title="bbox 59 2031 970 2105; baseline -0.001 -24"><span class='ocrx_word' id='word_1_218' title='bbox 59 2035 131 2096; x_wconf 87' lang='lat' dir='ltr'>dias,</span> <span class='ocrx_word' id='word_1_219' title='bbox 144 2045 169 2081; x_wconf 90' lang='lat' dir='ltr'>et</span> <span class='ocrx_word' id='word_1_220' title='bbox 182 2032 214 2082; x_wconf 88' lang='lat' dir='ltr'>ad</span> <span class='ocrx_word' id='word_1_221' title='bbox 227 2044 382 2099; x_wconf 85' lang='lat' dir='ltr'>extremum,</span> <span class='ocrx_word' id='word_1_222' title='bbox 397 2034 464 2105; x_wconf 81' lang='lat' dir='ltr'>bella</span> <span class='ocrx_word' id='word_1_223' title='bbox 475 2036 559 2083; x_wconf 82' lang='lat' dir='ltr'>civilia</span> <span class='ocrx_word' id='word_1_224' title='bbox 572 2036 688 2086; x_wconf 84' lang='lat' dir='ltr'>ruebant.</span> <span class='ocrx_word' id='word_1_225' title='bbox 701 2034 750 2085; x_wconf 83' lang='lat' dir='ltr'>Sed</span> <span class='ocrx_word' id='word_1_226' title='bbox 764 2034 845 2095; x_wconf 84' lang='lat' dir='ltr'>Otho,</span> <span class='ocrx_word' id='word_1_227' title='bbox 857 2050 889 2105; x_wconf 83' lang='lat' dir='ltr'>ne</span> <span class='ocrx_word' id='word_1_228' title='bbox 902 2031 970 2099; x_wconf 73' lang='lat' dir='ltr'>vulgi</span> 
     </span>
     <span class='ocr_line' id='line_1_28' title="bbox 58 2106 971 2172; baseline -0.002 -15"><span class='ocrx_word' id='word_1_229' title='bbox 58 2107 208 2172; x_wconf 70' lang='lat' dir='ltr'>largitione,</span> <span class='ocrx_word' id='word_1_230' title='bbox 219 2108 399 2156; x_wconf 84' lang='lat' dir='ltr'>centurionum</span> <span class='ocrx_word' id='word_1_231' title='bbox 413 2106 513 2155; x_wconf 87' lang='lat' dir='ltr'>animos</span> <span class='ocrx_word' id='word_1_232' title='bbox 528 2116 668 2167; x_wconf 87' lang='lat' dir='ltr'>averteret,</span> <span class='ocrx_word' id='word_1_233' title='bbox 683 2108 794 2157; x_wconf 76' lang='lat' dir='ltr'>«fiscum</span> <span class='ocrx_word' id='word_1_234' title='bbox 807 2124 882 2155; x_wconf 88' lang='lat' dir='ltr'>suum</span> <span class='ocrx_word' id='word_1_235' title='bbox 895 2120 971 2155; x_wconf 78' lang='lat' dir='ltr'>vacn-</span> 
     </span>
     <span class='ocr_line' id='line_1_29' title="bbox 59 2176 970 2245; baseline -0.007 -14"><span class='ocrx_word' id='word_1_236' title='bbox 59 2183 145 2234; x_wconf 87' lang='lat' dir='ltr'>tiones</span> <span class='ocrx_word' id='word_1_237' title='bbox 158 2196 254 2245; x_wconf 85' lang='lat' dir='ltr'>annuas</span> <span class='ocrx_word' id='word_1_238' title='bbox 268 2180 466 2227; x_wconf 79' lang='lat' dir='ltr'>exsoluturumu</span> <span class='ocrx_word' id='word_1_239' title='bbox 479 2178 614 2243; x_wconf 86' lang='lat' dir='ltr'>promisit:</span> <span class='ocrx_word' id='word_1_240' title='bbox 627 2194 681 2227; x_wconf 89' lang='lat' dir='ltr'>rem</span> <span class='ocrx_word' id='word_1_241' title='bbox 692 2176 762 2227; x_wconf 89' lang='lat' dir='ltr'>haud</span> <span class='ocrx_word' id='word_1_242' title='bbox 776 2178 852 2227; x_wconf 71' lang='lat' dir='ltr'>dubie</span> <span class='ocrx_word' id='word_1_243' title='bbox 865 2179 970 2241; x_wconf 87' lang='lat' dir='ltr'>utilem,</span> 
     </span>
     <span class='ocr_line' id='line_1_30' title="bbox 60 2250 970 2320; baseline -0.01 -13"><span class='ocrx_word' id='word_1_244' title='bbox 60 2253 118 2307; x_wconf 74' lang='lat' dir='ltr'>eti</span> <span class='ocrx_word' id='word_1_245' title='bbox 136 2255 209 2313; x_wconf 85' lang='lat' dir='ltr'>bouis</span> <span class='ocrx_word' id='word_1_246' title='bbox 225 2250 313 2320; x_wconf 69' lang='lat' dir='ltr'>posted</span> <span class='ocrx_word' id='word_1_247' title='bbox 326 2252 483 2319; x_wconf 83' lang='lat' dir='ltr'>principibus</span> <span class='ocrx_word' id='word_1_248' title='bbox 499 2251 667 2317; x_wconf 85' lang='lat' dir='ltr'>perpetuitate</span> <span class='ocrx_word' id='word_1_249' title='bbox 686 2250 822 2317; x_wconf 71' lang='lat' dir='ltr'>disciplinae</span> <span class='ocrx_word' id='word_1_250' title='bbox 834 2250 970 2298; x_wconf 84' lang='lat' dir='ltr'>firmatam.</span> 
     </span>
     <span class='ocr_line' id='line_1_31' title="bbox 60 2322 970 2395; baseline -0.011 -16"><span class='ocrx_word' id='word_1_251' title='bbox 60 2332 129 2379; x_wconf 88' lang='lat' dir='ltr'>Laco</span> <span class='ocrx_word' id='word_1_252' title='bbox 144 2326 295 2395; x_wconf 74' lang='lat' dir='ltr'>prefectus,</span> <span class='ocrx_word' id='word_1_253' title='bbox 311 2339 430 2389; x_wconf 82' lang='lat' dir='ltr'>tanquam</span> <span class='ocrx_word' id='word_1_254' title='bbox 450 2324 476 2373; x_wconf 92' lang='lat' dir='ltr'>in</span> <span class='ocrx_word' id='word_1_255' title='bbox 490 2324 599 2383; x_wconf 87' lang='lat' dir='ltr'>insulam</span> <span class='ocrx_word' id='word_1_256' title='bbox 615 2334 793 2387; x_wconf 76' lang='lat' dir='ltr'>reponeretur,</span> <span class='ocrx_word' id='word_1_257' title='bbox 806 2322 837 2369; x_wconf 80' lang='lat' dir='ltr'>ab</span> <span class='ocrx_word' id='word_1_258' title='bbox 848 2333 970 2385; x_wconf 88' lang='lat' dir='ltr'>evocato,</span> 
     </span>
     <span class='ocr_line' id='line_1_32' title="bbox 62 2392 971 2467; baseline -0.009 -16"><span class='ocrx_word' id='word_1_259' title='bbox 62 2400 179 2467; x_wconf 89' lang='lat' dir='ltr'>quemad</span> <span class='ocrx_word' id='word_1_260' title='bbox 190 2397 283 2447; x_wconf 81' lang='lat' dir='ltr'>cadem</span> <span class='ocrx_word' id='word_1_261' title='bbox 294 2396 347 2461; x_wconf 76' lang='lat' dir='ltr'>ejus</span> <span class='ocrx_word' id='word_1_262' title='bbox 356 2396 426 2447; x_wconf 91' lang='lat' dir='ltr'>Otbn</span> <span class='ocrx_word' id='word_1_263' title='bbox 436 2397 604 2461; x_wconf 75' lang='lat' dir='ltr'>praemiserat,</span> <span class='ocrx_word' id='word_1_264' title='bbox 619 2394 759 2445; x_wconf 77' lang='lat' dir='ltr'>confossus.</span> <span class='ocrx_word' id='word_1_265' title='bbox 771 2394 801 2442; x_wconf 87' lang='lat' dir='ltr'>In</span> <span class='ocrx_word' id='word_1_266' title='bbox 816 2392 971 2443; x_wconf 79' lang='lat' dir='ltr'>Mattianum</span> 
     </span>
     <span class='ocr_line' id='line_1_33' title="bbox 62 2466 721 2535; baseline -0.017 -9"><span class='ocrx_word' id='word_1_267' title='bbox 62 2474 169 2529; x_wconf 85' lang='lat' dir='ltr'>Icelum,</span> <span class='ocrx_word' id='word_1_268' title='bbox 181 2483 209 2521; x_wconf 88' lang='lat' dir='ltr'>ut</span> <span class='ocrx_word' id='word_1_269' title='bbox 221 2472 246 2520; x_wconf 90' lang='lat' dir='ltr'>in</span> <span class='ocrx_word' id='word_1_270' title='bbox 256 2472 390 2528; x_wconf 85' lang='lat' dir='ltr'>libertum,</span> <span class='ocrx_word' id='word_1_271' title='bbox 409 2469 492 2535; x_wconf 76' lang='lat' dir='ltr'>paldm</span> <span class='ocrx_word' id='word_1_272' title='bbox 508 2466 721 2518; x_wconf 82' lang='lat' dir='ltr'>animadversum.</span> 
     </span>
    </p>

    <p class='ocr_par' dir='ltr' id='par_1_4' title="bbox 66 2528 1038 3200">
     <span class='ocr_line' id='line_1_34' title="bbox 97 2528 981 2609; baseline -0.012 -13"><span class='ocrx_word' id='word_1_273' title='bbox 97 2543 207 2597; x_wconf 84' lang='lat' dir='ltr'><strong>XLVII.</strong></span> <span class='ocrx_word' id='word_1_274' title='bbox 219 2546 314 2594; x_wconf 80' lang='lat' dir='ltr'>Exacta</span> <span class='ocrx_word' id='word_1_275' title='bbox 324 2560 369 2609; x_wconf 88' lang='lat' dir='ltr'>per</span> <span class='ocrx_word' id='word_1_276' title='bbox 381 2543 475 2591; x_wconf 83' lang='lat' dir='ltr'>scelera</span> <span class='ocrx_word' id='word_1_277' title='bbox 487 2541 527 2591; x_wconf 90' lang='lat' dir='ltr'>die</span> <span class='ocrx_word' id='word_1_278' title='bbox 534 2578 541 2605; x_wconf 90' lang='lat'><em>‚</em></span> <span class='ocrx_word' id='word_1_279' title='bbox 552 2540 719 2591; x_wconf 82' lang='lat' dir='ltr'>novissimum</span> <span class='ocrx_word' id='word_1_280' title='bbox 730 2540 855 2589; x_wconf 86' lang='lat' dir='ltr'>malcrum</span> <span class='ocrx_word' id='word_1_281' title='bbox 868 2528 917 2586; x_wconf 84' lang='lat' dir='ltr'>luit</span> <span class='ocrx_word' id='word_1_282' title='bbox 928 2537 981 2603; x_wconf 44' lang='lat' dir='ltr'>lar·-</span> 
     </span>
     <span class='ocr_line' id='line_1_35' title="bbox 66 2612 973 2683; baseline -0.012 -11"><span class='ocrx_word' id='word_1_283' title='bbox 66 2622 132 2673; x_wconf 86' lang='lat' dir='ltr'>titia.</span> <span class='ocrx_word' id='word_1_284' title='bbox 139 2620 220 2669; x_wconf 87' lang='lat' dir='ltr'>Vocat</span> <span class='ocrx_word' id='word_1_285' title='bbox 229 2629 344 2668; x_wconf 87' lang='lat' dir='ltr'>senatum</span> <span class='ocrx_word' id='word_1_286' title='bbox 354 2627 447 2683; x_wconf 76' lang='lat' dir='ltr'>pretor</span> <span class='ocrx_word' id='word_1_287' title='bbox 457 2616 583 2677; x_wconf 79' lang='lat' dir='ltr'>urbanus:</span> <span class='ocrx_word' id='word_1_288' title='bbox 594 2624 692 2661; x_wconf 86' lang='lat' dir='ltr'>certant</span> <span class='ocrx_word' id='word_1_289' title='bbox 701 2612 885 2663; x_wconf 82' lang='lat' dir='ltr'>adulationibus</span> <span class='ocrx_word' id='word_1_290' title='bbox 896 2612 973 2661; x_wconf 86' lang='lat' dir='ltr'>ceteri</span> 
     </span>
     <span class='ocr_line' id='line_1_36' title="bbox 67 2685 974 2760; baseline -0.01 -14"><span class='ocrx_word' id='word_1_291' title='bbox 67 2695 238 2760; x_wconf 74' lang='lat' dir='ltr'>magislratus.</span> <span class='ocrx_word' id='word_1_292' title='bbox 256 2691 402 2742; x_wconf 87' lang='lat' dir='ltr'>Accurrunt</span> <span class='ocrx_word' id='word_1_293' title='bbox 417 2701 505 2756; x_wconf 82' lang='lat' dir='ltr'>patres</span> <span class='ocrx_word' id='word_1_294' title='bbox 520 2707 525 2738; x_wconf 73' lang='grc' dir='ltr'><strong><em>ε</em></strong></span> <span class='ocrx_word' id='word_1_295' title='bbox 544 2688 687 2736; x_wconf 85' lang='lat' dir='ltr'>decernitur·</span> <span class='ocrx_word' id='word_1_296' title='bbox 701 2686 800 2749; x_wconf 58' lang='lat' dir='ltr'>,Othoni</span> <span class='ocrx_word' id='word_1_297' title='bbox 818 2685 974 2737; x_wconf 70' lang='lat' dir='ltr'>«tribunitia</span> 
     </span>
     <span class='ocr_line' id='line_1_37' title="bbox 66 2758 977 2838; baseline -0.01 -22"><span class='ocrx_word' id='word_1_298' title='bbox 66 2770 186 2838; x_wconf 83' lang='lat' dir='ltr'>potestas,</span> <span class='ocrx_word' id='word_1_299' title='bbox 197 2779 222 2815; x_wconf 90' lang='lat' dir='ltr'>et</span> <span class='ocrx_word' id='word_1_300' title='bbox 229 2782 324 2814; x_wconf 87' lang='lat' dir='ltr'>nomen</span> <span class='ocrx_word' id='word_1_301' title='bbox 333 2764 440 2831; x_wconf 79' lang='lat' dir='ltr'>Augusti</span> <span class='ocrx_word' id='word_1_302' title='bbox 449 2799 455 2820; x_wconf 87' lang='lat'>,</span> <span class='ocrx_word' id='word_1_303' title='bbox 463 2773 489 2811; x_wconf 89' lang='lat' dir='ltr'>et</span> <span class='ocrx_word' id='word_1_304' title='bbox 498 2776 586 2809; x_wconf 84' lang='lat' dir='ltr'>omues</span> <span class='ocrx_word' id='word_1_305' title='bbox 595 2759 741 2827; x_wconf 87' lang='lat' dir='ltr'>principum</span> <span class='ocrx_word' id='word_1_306' title='bbox 750 2758 893 2823; x_wconf 77' lang='lat' dir='ltr'>bonores»,</span> <span class='ocrx_word' id='word_1_307' title='bbox 905 2760 977 2808; x_wconf 86' lang='lat' dir='ltr'>anui·</span> 
     </span>
     <span class='ocr_line' id='line_1_38' title="bbox 70 2832 973 2900; baseline -0.011 -9"><span class='ocrx_word' id='word_1_308' title='bbox 70 2840 181 2891; x_wconf 88' lang='lat' dir='ltr'>tentibus</span> <span class='ocrx_word' id='word_1_309' title='bbox 188 2839 285 2887; x_wconf 87' lang='lat' dir='ltr'>cunctis</span> <span class='ocrx_word' id='word_1_310' title='bbox 293 2838 392 2887; x_wconf 86' lang='lat' dir='ltr'>abolere</span> <span class='ocrx_word' id='word_1_311' title='bbox 401 2836 514 2884; x_wconf 80' lang='lat' dir='ltr'>convicia</span> <span class='ocrx_word' id='word_1_312' title='bbox 523 2850 552 2883; x_wconf 89' lang='lat' dir='ltr'>ac</span> <span class='ocrx_word' id='word_1_313' title='bbox 559 2834 652 2900; x_wconf 89' lang='lat' dir='ltr'>probra</span> <span class='ocrx_word' id='word_1_314' title='bbox 660 2870 667 2892; x_wconf 95' lang='lat'>,</span> <span class='ocrx_word' id='word_1_315' title='bbox 678 2850 731 2899; x_wconf 73' lang='lat' dir='ltr'>que</span> <span class='ocrx_word' id='word_1_316' title='bbox 741 2832 883 2899; x_wconf 71' lang='lat' dir='ltr'>promiscuit</span> <span class='ocrx_word' id='word_1_317' title='bbox 893 2832 958 2898; x_wconf 83' lang='lat' dir='ltr'>jacta</span> <span class='ocrx_word' id='word_1_318' title='bbox 966 2866 973 2892; x_wconf 90' lang='lat'>‚</span> 
     </span>
     <span class='ocr_line' id='line_1_39' title="bbox 68 2905 976 2972; baseline -0.014 -7"><span class='ocrx_word' id='word_1_319' title='bbox 68 2915 168 2965; x_wconf 81' lang='lat' dir='ltr'>haesisse</span> <span class='ocrx_word' id='word_1_320' title='bbox 176 2912 261 2961; x_wconf 83' lang='lat' dir='ltr'>animo</span> <span class='ocrx_word' id='word_1_321' title='bbox 273 2910 325 2971; x_wconf 78' lang='lat' dir='ltr'>eius</span> <span class='ocrx_word' id='word_1_322' title='bbox 334 2925 408 2972; x_wconf 77' lang='lat' dir='ltr'>uerno</span> <span class='ocrx_word' id='word_1_323' title='bbox 418 2908 508 2956; x_wconf 84' lang='lat' dir='ltr'>sensit:</span> <span class='ocrx_word' id='word_1_324' title='bbox 528 2908 653 2956; x_wconf 73' lang='lat' dir='ltr'>omisisset</span> <span class='ocrx_word' id='word_1_325' title='bbox 662 2905 776 2967; x_wconf 68' lang='lat' dir='ltr'>adiutas,</span> <span class='ocrx_word' id='word_1_326' title='bbox 786 2923 816 2955; x_wconf 86' lang='lat' dir='ltr'>an</span> <span class='ocrx_word' id='word_1_327' title='bbox 827 2905 976 2966; x_wconf 83' lang='lat' dir='ltr'>distulisset,</span> 
     </span>
     <span class='ocr_line' id='line_1_40' title="bbox 68 2978 1038 3051; baseline -0.016 -12"><span class='ocrx_word' id='word_1_328' title='bbox 68 2987 190 3039; x_wconf 84' lang='lat' dir='ltr'>brevitstc</span> <span class='ocrx_word' id='word_1_329' title='bbox 202 2986 301 3051; x_wconf 88' lang='lat' dir='ltr'>imperii</span> <span class='ocrx_word' id='word_1_330' title='bbox 313 2984 339 3034; x_wconf 87' lang='lat' dir='ltr'>in</span> <span class='ocrx_word' id='word_1_331' title='bbox 355 2985 451 3032; x_wconf 83' lang='lat' dir='ltr'>incerto</span> <span class='ocrx_word' id='word_1_332' title='bbox 463 2981 521 3033; x_wconf 85' lang='lat' dir='ltr'>luit.</span> <span class='ocrx_word' id='word_1_333' title='bbox 536 2980 620 3039; x_wconf 79' lang='lat' dir='ltr'>orto,</span> <span class='ocrx_word' id='word_1_334' title='bbox 632 2992 737 3047; x_wconf 81' lang='lat' dir='ltr'>cruento</span> <span class='ocrx_word' id='word_1_335' title='bbox 754 2978 837 3030; x_wconf 89' lang='lat' dir='ltr'>adbuc</span> <span class='ocrx_word' id='word_1_336' title='bbox 849 2980 918 3043; x_wconf 88' lang='lat' dir='ltr'>loro,</span> <span class='ocrx_word' id='word_1_337' title='bbox 929 2992 974 3043; x_wconf 89' lang='lat' dir='ltr'>per</span> <span class='ocrx_word' id='word_1_338' title='bbox 989 3040 992 3047; x_wconf 37' lang='grc' dir='ltr'>Ι</span> <span class='ocrx_word' id='word_1_339' title='bbox 1034 3017 1038 3023; x_wconf 81' lang='lat'><em>.</em></span> 
     </span>
     <span class='ocr_line' id='line_1_41' title="bbox 70 3055 977 3128; baseline -0.014 -13"><span class='ocrx_word' id='word_1_340' title='bbox 70 3075 175 3128; x_wconf 75' lang='lat' dir='ltr'>stragem</span> <span class='ocrx_word' id='word_1_341' title='bbox 183 3058 329 3127; x_wconf 77' lang='lat' dir='ltr'>jacentium,</span> <span class='ocrx_word' id='word_1_342' title='bbox 341 3061 367 3108; x_wconf 90' lang='lat' dir='ltr'>in</span> <span class='ocrx_word' id='word_1_343' title='bbox 376 3058 530 3124; x_wconf 83' lang='lat' dir='ltr'>Capitolium</span> <span class='ocrx_word' id='word_1_344' title='bbox 539 3095 546 3116; x_wconf 88' lang='lat'>,</span> <span class='ocrx_word' id='word_1_345' title='bbox 555 3071 629 3121; x_wconf 88' lang='lat' dir='ltr'>atque</span> <span class='ocrx_word' id='word_1_346' title='bbox 638 3055 696 3106; x_wconf 71' lang='lat' dir='ltr'>inde</span> <span class='ocrx_word' id='word_1_347' title='bbox 707 3060 732 3105; x_wconf 91' lang='lat' dir='ltr'>in</span> <span class='ocrx_word' id='word_1_348' title='bbox 739 3056 862 3122; x_wconf 61' lang='lat' dir='ltr'>palatium</span> <span class='ocrx_word' id='word_1_349' title='bbox 872 3066 961 3102; x_wconf 81' lang='lat' dir='ltr'>vectus</span> <span class='ocrx_word' id='word_1_350' title='bbox 967 3090 977 3115; x_wconf 92' lang='lat'>,</span> 
     </span>
     <span class='ocr_line' id='line_1_42' title="bbox 73 3126 976 3200; baseline -0.018 -13"><span class='ocrx_word' id='word_1_351' title='bbox 73 3135 193 3187; x_wconf 72' lang='lat' dir='ltr'>tanaceti</span> <span class='ocrx_word' id='word_1_352' title='bbox 203 3127 309 3200; x_wconf 72' lang='lat' dir='ltr'>corpdra</span> <span class='ocrx_word' id='word_1_353' title='bbox 319 3134 452 3200; x_wconf 74' lang='lat' dir='ltr'>sepulturae</span> <span class='ocrx_word' id='word_1_354' title='bbox 458 3168 466 3193; x_wconf 95' lang='lat'>,</span> <span class='ocrx_word' id='word_1_355' title='bbox 479 3134 657 3196; x_wconf 78' lang='lat' dir='ltr'>cremarique»</span> <span class='ocrx_word' id='word_1_356' title='bbox 667 3132 790 3195; x_wconf 84' lang='lat' dir='ltr'>permisit.</span> <span class='ocrx_word' id='word_1_357' title='bbox 799 3128 917 3177; x_wconf 83' lang='lat' dir='ltr'>Pisonem</span> <span class='ocrx_word' id='word_1_358' title='bbox 925 3126 976 3177; x_wconf 84' lang='lat' dir='ltr'>Vc.</span> 
     </span>
    </p>

    <p class='ocr_par' dir='ltr' id='par_1_5' title="bbox 1 3200 977 3471">
     <span class='ocr_line' id='line_1_43' title="bbox 1 3200 977 3268; baseline -0.009 -9"><span class='ocrx_word' id='word_1_359' title='bbox 1 3215 4 3221; x_wconf 80' lang='grc'><strong><em>’</em></strong></span> <span class='ocrx_word' id='word_1_360' title='bbox 52 3232 58 3238; x_wconf 82' lang='grc'><em>·</em></span> <span class='ocrx_word' id='word_1_361' title='bbox 72 3209 139 3258; x_wconf 90' lang='lat' dir='ltr'>rania</span> <span class='ocrx_word' id='word_1_362' title='bbox 151 3224 224 3267; x_wconf 84' lang='lat' dir='ltr'>uror,</span> <span class='ocrx_word' id='word_1_363' title='bbox 233 3224 261 3254; x_wconf 87' lang='lat' dir='ltr'>ac</span> <span class='ocrx_word' id='word_1_364' title='bbox 270 3207 346 3256; x_wconf 81' lang='lat' dir='ltr'>irater</span> <span class='ocrx_word' id='word_1_365' title='bbox 356 3206 549 3263; x_wconf 82' lang='lat' dir='ltr'>Scribonianus,</span> <span class='ocrx_word' id='word_1_366' title='bbox 559 3206 591 3253; x_wconf 89' lang='lat' dir='ltr'>T.</span> <span class='ocrx_word' id='word_1_367' title='bbox 602 3202 707 3253; x_wconf 85' lang='lat' dir='ltr'>Vinium</span> <span class='ocrx_word' id='word_1_368' title='bbox 717 3203 832 3268; x_wconf 88' lang='lat' dir='ltr'>Crispina</span> <span class='ocrx_word' id='word_1_369' title='bbox 842 3200 892 3248; x_wconf 85' lang='lat' dir='ltr'>lilia</span> <span class='ocrx_word' id='word_1_370' title='bbox 902 3216 977 3250; x_wconf 62' lang='lat' dir='ltr'>com*</span> 
     </span>
     <span class='ocr_line' id='line_1_44' title="bbox 71 3274 976 3349; baseline -0.006 -20"><span class='ocrx_word' id='word_1_371' title='bbox 71 3280 190 3349; x_wconf 76' lang='lat' dir='ltr'>posuere,</span> <span class='ocrx_word' id='word_1_372' title='bbox 204 3281 314 3345; x_wconf 74' lang='lat' dir='ltr'>queritis</span> <span class='ocrx_word' id='word_1_373' title='bbox 326 3279 514 3349; x_wconf 70' lang='lat' dir='ltr'>redemptisque</span> <span class='ocrx_word' id='word_1_374' title='bbox 525 3278 664 3348; x_wconf 82' lang='lat' dir='ltr'>capitibus,</span> <span class='ocrx_word' id='word_1_375' title='bbox 679 3294 732 3347; x_wconf 79' lang='lat' dir='ltr'>qua</span> <span class='ocrx_word' id='word_1_376' title='bbox 745 3276 843 3327; x_wconf 82' lang='lat' dir='ltr'>venalia</span> <span class='ocrx_word' id='word_1_377' title='bbox 856 3274 976 3326; x_wconf 74' lang='lat' dir='ltr'>interlec-</span> 
     </span>
     <span class='ocr_line' id='line_1_45' title="bbox 74 3348 860 3471; baseline 0.001 -66"><span class='ocrx_word' id='word_1_378' title='bbox 74 3365 322 3409; x_wconf 75' lang='lat' dir='ltr'>toresserrarerant.</span> <span class='ocrx_word' id='word_1_379' title='bbox 363 3348 366 3353; x_wconf 75' lang='grc'><strong>’</strong></span> <span class='ocrx_word' id='word_1_380' title='bbox 777 3372 860 3471; x_wconf 53' lang='lat'>0⁰1</span> 
     </span>
    </p>
   </div>
   <div class='ocr_carea' id='block_1_3' title="bbox 0 0 1082 3709">
    <p class='ocr_par' dir='ltr' id='par_1_6' title="bbox 0 0 1082 3709">
     <span class='ocr_line' id='line_1_46' title="bbox 0 0 1082 3709; baseline 0 0"><span class='ocrx_word' id='word_1_381' title='bbox 0 0 1082 3709; x_wconf 95' lang='lat' dir='ltr'> </span> 
     </span>
    </p>
   </div>
  </div>
 </body>
</html>
