2100 3709
78 99 126 154 see
395 114 419 150 e.
436 112 530 150 coar.
545 109 659 150 racana

74 193 179 247 fortuni
188 194 307 262 auspiciis
317 196 480 253 etcontiliir,
497 193 574 259 quim
590 195 648 244 telis
659 205 685 244 et
695 194 815 246 menibus
825 197 885 264 geri.
896 195 984 248 Datu-

74 287 131 320 rum
146 271 219 337 planb
231 272 430 324 documentum.
443 269 572 334 honestis,
586 287 617 320 an
630 285 701 319 aecus
713 269 799 320 amicis
814 282 939 331 uteretur,
955 275 983 322 si

74 347 166 396 ducem
184 346 268 395 amoti
286 345 382 394 invidit
400 347 537 411 egregium,
555 344 635 411 quim
653 349 674 394 si
686 347 852 413 pecuniosum
867 347 982 412 etgrttiai

75 423 269 489 subnixumper
278 423 403 472 ambitum
417 421 573 489 deligeretn.

105 500 165 548 vlt.
178 498 237 548 Haec
246 511 321 562 aurire
330 499 390 547 talia
400 498 563 562 vulgantibus
573 497 654 550 ‚Nero
665 501 693 546 et
703 517 716 547 u
723 495 882 558 iuventutern
891 496 983 564 prori-

73 581 127 621 Μ’·
135 587 182 637 per
191 575 331 637 provincias
342 575 470 636 quesitam
483 570 631 637 supplendis
644 572 757 619 Orientis
772 569 917 635 legionibus
933 567 982 616 ad-

73 659 193 703 movere,
203 646 364 710 legionesque
379 646 446 712 ipset
459 645 565 711 propius
575 643 722 694 Araneniam
740 643 859 691 collocari
868 658 884 688 a
900 639 983 704 iubet.

76 719 214 782 altumque
227 730 324 767 veteres
331 734 402 782 reges
412 720 545 784 Agrippam
555 729 581 766 et
589 716 749 768 Antiochum·
754 714 874 780 expedire
884 713 985 778 copiae,

73 793 129 854 quis
143 790 293 842 Parthorum
305 791 367 841 fines
376 792 448 841 ultrb
463 793 586 840 intrarent
599 808 605 838 ι
618 791 695 838 timul
713 796 803 855 pontes
817 803 863 854 per
879 799 982 834 amnem

70 862 218 930 Euphraten
228 864 308 928 iungi.
325 868 358 914 Et
373 866 499 912 minorem
511 862 659 912 Armeniam
675 861 840 920 Aristobulo,
851 859 983 924 regionem

70 938 204 1005 Sophenen
214 937 324 988 Sohemo
335 956 394 987 cnm
405 938 561 1003 insignibam
570 937 632 1000 egiis
641 935 776 984 mandatu.
788 935 947 996 Euottrtsque
955 932 986 980 in

72 1021 185 1076 tempore
194 1011 448 1077 emnlnsVologeso,
461 1009 683 1083 tiliusVardanes:
696 1015 723 1058 et
734 1005 874 1056 abscessere
886 1003 984 1056 Arma·

69 1083 112 1131 nit
122 1083 226 1143 Parthi,
239 1095 358 1148 tanquam
369 1082 504 1132 differrent
519 1083 626 1146 bellum.
635 1086 660 1112 ‘s

100 1151 173 1203 Vnt.
184 1155 313 1231 Sedaped
326 1169 441 1205 senatum
457 1155 543 1204 sumnia
562 1157 588 1204 in
602 1153 683 1216 mains
694 1153 907 1223 celebrata-aunt,
920 1165 983 1200 sen·

69 1229 156 1277 tentiis
172 1245 278 1290 eorum,
297 1232 342 1296 qui
355 1231 593 1296 «supplicationes,
612 1241 638 1278 et
655 1227 744 1277 diebus
764 1225 984 1290 supplicationum

68 1313 165 1350 vestem
175 1306 283 1372 principi
293 1306 486 1371 triumphalem,
498 1316 577 1367 utque
588 1319 667 1351 orans
676 1303 766 1350 urbem
776 1299 864 1358 iniret,
874 1297 985 1360 efligies-

69 1390 117 1440 que
128 1376 182 1439 ejus
193 1380 248 1444 pari
259 1377 436 1446 magnitudine
449 1394 478 1426 ac
487 1377 577 1426 Martis
589 1377 705 1436 Ultoris,
716 1373 805 1423 eodem
819 1374 844 1420 in
856 1371 983 1435 templo»

71 1451 192 1501 centtrere
204 1469 210 1500 ε
221 1465 309 1520 preter
319 1465 416 1502 suetam
424 1451 597 1500 adulationem
608 1451 669 1506 lati,
682 1447 752 1513 qubd
763 1445 903 1494 Domitium
913 1445 983 1511 Oct>-

71 1524 192 1577 botonem
208 1530 347 1578 retinendae
361 1529 485 1578 Armeniae
499 1537 690 1592 proposueratis
709 1523 890 1584 videbaturque
907 1521 982 1567 locus

67 1599 205 1650 virtutibus
214 1606 363 1667 patelactus.
370 1601 574 1664 Copianrientis
584 1602 617 1644 ita
627 1593 790 1655 dividuntur,
800 1609 829 1642 ut
838 1609 897 1659 pare
906 1593 983 1640 auri-

67 1669 168 1721 liarium
178 1689 264 1731 ,cum
282 1672 381 1719 duabus
391 1670 533 1732 legionibus
543 1667 636 1730 ,apud
651 1666 808 1732 provinciam
819 1666 936 1730 Syrium,
956 1675 986 1712 et·

66 1744 178 1809 legatum
190 1745 244 1808 ejus
256 1743 412 1805 Quadratum
424 1739 586 1790 Ummidium
598 1743 756 1800 remaneret3
769 1753 815 1801 par
826 1737 921 1786 civitam
934 1752 982 1788 eo.

67 1816 216 1880 ciorumqus
226 1832 347 1865 rtrrmerus
359 1813 499 1863 t'orbutoni
510 1824 591 1874 esset,
604 1811 699 1860 additis
715 1809 867 1858 cohortibus
884 1812 986 1876 alitque

67 1909 122 1957 que
132 1894 200 1959 apud
210 1892 396 1958 Cappadociam
407 1890 567 1939 hiemabant:
580 1888 643 1936 socii
657 1903 742 1960 reges,
753 1899 830 1954 prout
840 1889 909 1935 hello
917 1905 984 1936 con·

68 1964 186 2021 duceret,
196 1980 286 2033 parere
298 1966 367 2027 justi.
379 1962 429 2012 Sed
440 1961 523 2010 studia
536 1977 626 2010 eorum
643 1963 670 2009 in
689 1963 861 2010 Corbulonem
872 1963 985 2028 promp-'

68 2040 133 2087 tiora
143 2051 227 2086 mant:
240 2043 285 2101 qu‘s
295 2051 324 2087 ut
334 2039 405 2086 lame
416 2037 567 2104 inserviret3
580 2053 633 2102 quta
647 2040 672 2085 iu
683 2037 756 2086 novis
769 2039 858 2101 coeptis
872 2036 993 2097 validis÷

69 2112 132 2160 sima
143 2124 195 2172 est,
207 2113 296 2163 itinere
312 2114 420 2180 propere
433 2113 566 2172 conlecto,
579 2111 646 2178 apud
664 2111 769 2177 AEgeas,
785 2112 916 2158 civitatem
930 2112 982 2160 Ci-

67 2183 147 2243 licite,
159 2187 265 2235 obvium
276 2187 552 2254 Quadratum‘habuit,
565 2187 625 2236 illuc
635 2201 808 2252 progressum,
818 2184 880 2230 nesi
893 2184 924 2232 ad
934 2201 986 2234 ac-

69 2259 196 2326 cipiendas
207 2262 293 2328 copias
306 2264 405 2331 Syriam
419 2263 565 2311 intravisset
578 2261 706 2324 Corbulo,
720 2261 834 2309 omnium
850 2275 894 2330 ora
912 2259 939 2306 in
952 2275 988 2308 se

69 2345 195 2394 verteret,
210 2351 315 2404 corpore
330 2341 432 2404 ingene,
444 2336 528 2384 uerbis
542 2335 702 2400 magnificus,
719 2347 744 2384 et
757 2351 832 2399 super
846 2333 985 2398 experiere·
1031 2331 1037 2342 “

69 2407 131 2456 tiam
145 2412 357 2478 sapientiamque,
371 2412 448 2462 etiarn
461 2411 544 2476 speeie
560 2411 673 2458 inanium
685 2409 794 2459 ualidus.

101 2481 149 2533 ΙΧ.
159 2498 168 2530 t
179 2484 390 2551 eterirmuterque
398 2486 543 2551 Vologesen
552 2499 636 2550 regem
645 2485 741 2532 nuntiis
752 2482 901 2537 mouebant‘,
913 2495 987 2546 «pa-

69 2569 125 2606 cem
136 2559 211 2624 quiun
223 2562 319 2612 bellum
330 2563 437 2621 mallet,
452 2560 567 2622 datisque
578 2553 710 2608 obsidibus
719 2593 726 2615 ,
734 2558 840 2618 *solitam
853 2557 984 2620 prioribus

69 2630 279 2684 reverentiam'in
292 2639 417 2700 populum
425 2636 571 2680 Romanum
580 2632 738 2679 continuaret
746 2647 771 2678 u.
786 2631 817 2676 llt
829 2629 984 2693 Vologeses,

69 2703 122 2766 qnt')
132 2705 230 2755 bellum
247 2724 279 2756 er
299 2707 436 2756 commodo
451 2715 568 2770 pararet.
581 2721 612 2752 an
626 2717 654 2752 ut
671 2703 838 2753 emulationis
850 2715 984 2768 suspectos

69 2791 116 2840 per
136 2795 231 2828 nonren
253 2778 371 2828 obsidum
391 2789 534 2836 amoveret,
551 2776 629 2826 tradit
645 2777 817 2827 nobilissimos
833 2791 865 2824 ex
883 2776 983 2828 familia

71 2852 261 2902 Arsacidarum.
278 2854 432 2920 accepitque
451 2869 494 2902 eos
514 2851 635 2901 'centurio
652 2852 775 2904 Insteius.
794 2850 825 2898 ab
844 2849 981 2901 Ummidio

71 2924 165 2972 misena
182 2925 246 2973 {orti
257 2928 338 2992 prior,
352 2926 380 2974 ei
392 2926 424 2974 de
437 2925 512 2974 causi
522 2925 592 2974 adito
601 2937 669 2990 rege.
681 2923 756 2986 Quod
766 2934 900 2988 postquam
911 2925 982 2973 Cor-

69 2991 160 3044 buloni
177 2998 307 3062 cognatum
324 3011 376 3059 est,
390 3005 447 3061 ire,
462 3001 606 3066 prefectum
619 2997 731 3048 cohortis
742 2996 847 3048 Arrium
863 2998 979 3060 Varum,

73 3087 89 3118 u
99 3083 125 3119 et
135 3073 274 3136 reciperare
292 3072 393 3123 obsidet
403 3091 418 3122 n
435 3072 515 3139 jubet.
533 3075 600 3122 Hine
616 3085 701 3122 ortum
717 3072 782 3120 inter
795 3071 938 3136 praelectum
951 3085 979 3124 et

71 3145 243 3196 centurionem
257 3146 366 3214 iurgium
375 3185 383 3209 ‚
392 3165 424 3197 ne
431 3145 529 3198 diutius
539 3148 648 3196 externis
659 3147 803 3213 spectaculo
815 3157 894 3206 esset,
907 3149 978 3199 arbi.

72 3219 150 3268 trinua
165 3223 201 3268 rei
220 3221 351 3287 obsidibus
367 3223 580 3288 legatisque,qui
595 3237 639 3270 eos
658 3220 798 3280 ducebant,
812 3223 975 3288 permissum.
1040 3255 1041 3260 =

71 3289 155 3354 Atque
169 3294 208 3341 illi
224 3295 399 3344 obterentem
416 3295 537 3361 gloriam,
554 3307 579 3346 et
595 3296 757 3348 inclinatione
775 3296 884 3364 quidam
897 3298 975 3350 etiam

72 3361 200 3430 bostium,
213 3368 386 3418 Corbulonem
400 3367 541 3435 praetulere.
561 3368 634 3420 Unde
654 3371 779 3424 discordia
797 3373 864 3422 inter
879 3369 972 3440 duees3
