2100 3709
96 26 146 85 stt
415 41 439 81 c.
458 25 555 82 cous.
574 38 688 79 rtcrrr
736 4 741 15 ⁶

97 113 278 174 formidinem,
295 109 397 178 lugam,
422 113 578 180 famemque,
603 129 632 163 ac
655 114 748 166 totiens
769 113 851 179 captis
870 111 1025 182 precariam

24 182 28 193 '
98 189 179 241 ritarn
196 203 297 253 :neque
311 187 450 249 Treveros,
468 201 512 237 ant
525 175 852 252 Lingonas'benerolentii
867 185 1021 236 contineri:

97 275 272 329 resumpturos
281 277 365 324 erma,
380 262 424 310 ubi
435 273 518 311 metus
530 261 678 312 abscesserit
686 277 711 312 a·
724 262 834 312 Diremit
846 263 1022 312 consiliorum

88 332 285 395 diversitatem,
296 333 433 402 approbati
444 335 548 385 Tutoris
558 334 682 386 seutentii
688 371 698 396 ,
714 335 843 387 Classicus
855 373 863 396 ,
877 336 1022 398 statimque
1038 365 1039 370 =

97 420 280 472 exsequuntur.
676 461 680 467 ,
1038 419 1039 472 ζ

130 479 264 533 LXXVII.
275 480 360 530 Media
367 481 432 529 acies
443 482 517 539 Ubiis
527 481 733 549 Lingonibusque
744 483 817 535 data:
830 483 930 532 dextro
940 497 1021 529 cornu

100 552 219 605 cohortes
231 554 401 620 Batavorum
419 557 522 605 sinistro
537 557 651 606 Bructeri
662 558 831 622 Tencterique
845 575 851 602 ι
864 571 931 621 pars
946 571 1020 605 tuon-

100 627 168 676 titus
178 647 186 693 5
198 627 257 689 alii,
272 628 341 675 viam
353 628 417 675 inter
431 629 615 692 Mosellamque
629 629 725 678 llumen
731 665 739 688 ,
752 641 806 678 taur
817 629 960 694 improvisi
972 627 1020 675 ad·

99 699 205 758 siluere,
214 711 243 750 ut
255 701 281 748 in
289 700 407 749 cubiculo
416 717 448 750 ac
458 703 556 751 lectulo
567 703 673 752 Cerialia
684 701 861 769 (nequeenim
872 713 981 751 noctem
994 701 1018 748 in

101 774 190 824 castris
202 773 304 840 egerat)
317 776 424 840 pugnari
434 777 530 838 simul,
543 777 660 841 vincique
675 793 733 842 suos
744 777 868 837 sudlerit,
880 771 1018 840 increpans

102 864 224 914 pavorem
235 848 421 909 nuntiantium,
433 849 516 898 donec
527 851 645 899 uniuersa
657 849 740 912 clades
749 851 775 900 iu
789 851 872 900 oculis
882 849 947 898 luit.
963 849 1019 896 l'er-

102 933 176 986 rupta
186 921 313 986 legionum
325 932 406 970 cestu
417 957 425 981 ,
436 923 487 971 susi
498 921 596 988 equites
608 941 614 970 ε
626 923 725 974 medius
744 923 858 974 Mosellae
873 936 961 990 pons,
979 922 1020 985 qui

101 993 221 1042 ulteriora
232 993 336 1043 colonie
350 997 475 1056 annectit,
487 997 519 1044 ab
533 995 649 1046 hostibus
661 997 780 1048 insertus.
794 997 901 1046 Cerialis
912 1029 920 1054 ,
933 995 1018 1044 turbi-

103 1069 143 1119 dis
152 1069 227 1118 rehus
244 1070 399 1136 intrepidus,
413 1083 440 1120 et
453 1073 579 1137 fugientes
594 1089 671 1122 mauu
690 1073 833 1134 retrahens,
848 1074 953 1122 intecto
963 1087 1019 1119 cor-

102 1158 165 1208 pore
174 1155 309 1208 promptus
319 1138 387 1192 inter
394 1145 450 1199 tela
460 1182 468 1203 ‚
479 1144 546 1194 I'clici
553 1147 709 1205 temeritate,
720 1157 746 1195 et
754 1146 885 1195 lortissimi
892 1144 1019 1208 'cujusque

102 1228 206 1264 accursu
216 1249 224 1275 ,
236 1216 404 1282 reciperatum
416 1229 523 1282 pontem
536 1218 613 1267 electi
626 1235 703 1266 manu
718 1219 836 1270 firmarit.
850 1219 916 1267 Mox
927 1217 957 1265 in
967 1233 1021 1264 cas·

102 1300 141 1338 tra
155 1305 285 1348 reversus,
295 1291 410 1356 palantes
423 1303 555 1357 captarum
569 1291 638 1356 apud
649 1293 788 1342 Novesium
798 1294 973 1356 Bonnamque
983 1291 1018 1338 le-

104 1365 210 1428 gionum
227 1364 387 1430 manIpqus,
403 1375 430 1414 et
448 1380 534 1414 rarum
546 1365 614 1431 apud
627 1368 697 1432 signa
710 1368 819 1417 militem
829 1366 959 1432 acprope
971 1367 1020 1413 cir·

104 1449 256 1486 cumrentaa
266 1439 363 1502 aquilas
373 1438 453 1488 videt.
466 1439 587 1490 Incensus
598 1441 648 1502 ut,
661 1459 676 1490 (ι
685 1439 737 1491 nou
746 1441 867 1495 Flaccum
874 1457 890 1490 n
901 1477 907 1502 ,
920 1441 1019 1505 inquit,

105 1525 182 1558 cnon
200 1509 325 1559 Voculam
345 1510 469 1561 deseritis.
484 1514 561 1562 Nulla
575 1511 617 1562 hic
635 1515 765 1578 proditIo:
781 1531 865 1580 nsque
877 1513 951 1562 aliud
974 1529 1018 1560 ex-

104 1581 245 1637 cusandum
253 1582 347 1643 habeo,
362 1584 439 1650 quim
452 1585 522 1651 quid
531 1601 577 1636 voa
590 1588 684 1637 Gallici
696 1589 797 1640 foederis
809 1590 904 1638 oblitos
918 1585 1020 1652 praedi·

104 1656 202 1715 aerim,
216 1659 366 1708 memoriam
376 1661 486 1708 Romani
501 1657 651 1715 sacramenti
661 1664 756 1712 temeri
767 1662 874 1713 credidi.
884 1662 1021 1712 Innume-

104 1730 180 1780 ralsor
189 1730 315 1790 Numisiie
324 1746 351 1782 et
361 1735 497 1790 Hercuniis
506 1773 513 1795 ,
522 1747 552 1784 ut
561 1751 651 1785 omnes
659 1738 733 1802 legati
745 1739 838 1798 vestri,
852 1751 894 1787 aut
905 1739 1021 1786 militum

105 1807 235 1866 manibus,
247 1819 291 1857 aut
299 1808 411 1858 hostimn
422 1811 570 1878 ceciderint.
583 1814 636 1872 Ite,
651 1814 766 1863 nuntiate
779 1814 957 1880 Vespasiano,
972 1814 1021 1879 rel,

105 1879 175 1945 quod
184 1882 287 1946 propius
298 1893 336 1932 cst
346 1918 353 1940 ,
362 1883 439 1932 Civili
451 1885 614 1939 et'Classico‚
625 1886 748 1934 relictum
759 1887 773 1936 t
784 1879 853 1938 vobis
864 1889 958 1938 inscie
971 1889 1020 1937 du-

106 1969 175 2002 cem:
190 1957 292 2002 venient
303 1957 430 2019 legiones,
441 1974 494 2021 que
506 1973 587 2022 neque
598 1974 638 2008 me
648 1960 759 2012 inultum
768 2000 776 2025 ,
786 1979 866 2032 nsque
875 1976 922 2014 vos
932 1967 1020 2032 impu·

107 2028 175 2075 nitos
187 2027 315 2091 patiantur
325 2043 351 2075 n.

138 2096 284 2151 LXXVIII.
297 2100 365 2152 Vera
380 2113 469 2152 erant:
482 2113 508 2151 ct
519 2102 657 2156 itribunis
665 2107 839 2174 praefectisque
848 2109 941 2159 eadem
955 2112 1022 2178 inge·

104 2173 236 2223 rebantur.
247 2174 397 2226 consistunt
405 2192 451 2242 per
459 2177 590 2244 cohortes,
601 2191 627 2228 et
635 2183 778 2246 manipulos
788 2199 794 2230 a
804 2185 967 2247 nequeenim
978 2201 1022 2252 po·

107 2259 174 2296 terat
185 2259 313 2313 patescere
324 2251 390 2298 acies
398 2284 405 2311 ,
414 2249 494 2300 effuso
502 2251 575 2301 hoste
584 2289 590 2309 ‚
598 2266 623 2305 et
633 2249 830 2324 impedientibus
840 2259 961 2309 tentoriis
972 2275 1023 2308 sar·

108 2322 236 2385 cinisque,
247 2338 327 2385 quum
342 2325 407 2372 intra
418 2326 514 2374 vallum
523 2341 685 2393 pugnaretur.
698 2331 798 2390 Tutor,
809 2342 835 2379 et
845 2331 990 2392 Classicus,
1000 2343 1022 2381 et

107 2396 211 2454 Civilis,
219 2397 271 2446 suis
282 2398 389 2462 quisque
398 2399 580 2467 locispngnam
590 2405 704 2467 olebant,
715 2397 803 2454 Gallos
807 2423 861 2476 pro
875 2405 1021 2464 libertate,

106 2471 215 2523 Batavos
231 2487 284 2541 pro
302 2473 415 2541 glotis,
430 2475 573 2526 Germanos
593 2480 631 2529 nd
649 2481 787 2548 praedam,
808 2480 969 2544 instigantes.
993 2480 1022 2528 Et

107 2557 198 2594 cuncta
206 2562 252 2610 pro
264 2543 379 2596 hostIhus
389 2559 475 2597 erant:
487 2548 642 2618 doncclegIo
653 2554 846 2602 unaclrIcesima
853 2555 1021 2620 ,patentiore

107 2617 183 2684 quim
194 2631 296 2680 ceterae,
309 2624 392 2687 spatio
405 2624 571 2689 conglobata,
582 2627 702 2678 sustinuit
711 2637 825 2691 ruentes,
835 2643 898 2675 mox
908 2628 1021 2692 impulit.

108 2692 164 2742 Nec
179 2695 234 2742 siue
246 2711 295 2761 ope
305 2694 393 2744 divina
401 2734 409 2757 ,
418 2699 522 2746 mutatis
533 2713 636 2765 repente
649 2702 751 2762 animis,
763 2712 831 2766 terga
844 2702 956 2750 suctores
967 2717 1022 2748 rer·

110 2765 169 2815 tire.
184 2769 237 2832 Ipsi
252 2771 351 2818 territos
370 2788 396 2820 se
417 2771 562 2820 cohortium
578 2772 697 2840 adspectu
716 2774 829 2825 ferebant
839 2810 846 2833 ‚
865 2791 919 2838 (qun
938 2776 1022 2840 priuis

109 2840 206 2904 impetu
220 2840 346 2904 disiectae,
363 2846 469 2894 summis
487 2845 575 2894 rursus
592 2847 656 2913 jugit
673 2848 902 2912 congregabantur,
920 2864 951 2896 ac
964 2865 1022 2913 spe·

108 2915 174 2962 clem
186 2914 244 2962 nori
254 2917 343 2965 auxilii
355 2919 477 2973 fecerant.
493 2921 541 2969 Sed
554 2921 653 2972 obstitit
665 2923 822 2971 vincentibus
833 2929 940 2988 pravum
956 2925 1020 2970 inter

109 2988 179 3053 ipsos
192 2998 336 3051 certamen,
349 2989 422 3038 hosts
433 2993 545 3050 omisso,
559 2994 639 3060 spolia
658 2995 831 3046 consectandi.
852 2997 976 3057 Cerialis,
993 3007 1021 3044 ut

110 3059 206 3111 Incurii
220 3064 298 3128 prope
317 3080 371 3111 reru
391 3064 501 3128 adflixit,
522 3067 556 3114 ita
571 3069 713 3119 coustantii
726 3071 853 3136 restituit5
869 3081 1019 3134 secutusque

107 3134 250 3190 fortunam.
261 3150 340 3183 castra
353 3136 466 3184 hostium
479 3136 573 3187 codem
585 3140 626 3189 dle
638 3144 706 3208 capit
717 3143 903 3207 exscinditquc.

140 3205 261 3254 LXXIX.
281 3208 336 3256 Nec
354 3209 380 3257 in
397 3210 502 3275 longum
517 3213 588 3276 quies
603 3216 681 3263 militi
693 3216 760 3266 data.
774 3217 888 3266 Orabuut
898 3216 1016 3266 auxilium

109 3281 325 3348 ᾸὸῐῖΡΡῑΰΰῦῦθθὶ
349 3281 538 3350 offerebantque
555 3301 716 3348 uxoremao.
731 3305 848 3342 sororem
873 3291 975 3352 Ciuilis,
992 3301 1018 3341 ct
