2100 3709
48 75 101 128 ott
370 81 395 124 t.
415 82 644 122 conmunire

54 171 112 240 prist
126 167 209 220 clades
225 169 262 219 rei
277 169 374 218 natalis
388 169 527 233 accipitur,
542 185 594 216 nnn
611 165 679 216 bello
697 165 807 233 (qnippe
821 163 890 216 trud
904 165 970 216 stite

56 257 107 293 tam
124 247 228 292 immota
241 243 306 308 pax)
315 281 324 304 ,
339 241 384 291 sed
395 254 494 290 certum
509 239 542 288 ad
559 241 627 291 diem
643 239 691 289 nin
705 239 871 305 Campaniam
882 239 967 289 redire

56 303 184 368 classem»
203 317 270 366 Nero
285 316 408 382 jusserat,
424 332 476 364 uon
489 315 604 380 exceptis
617 315 696 362 maris
715 314 823 364 casibnn
837 315 905 380 Ergo
919 330 967 379 gu·

56 392 218 453 bernatorcs,
232 392 346 458 quamvis
362 391 481 438 seviente·
488 389 587 453 pelago,
598 386 611 436 i
621 387 729 436 Formiis
739 388 851 447 mordre,
863 389 969 454 engrati

58 466 160 526 Africo,
171 465 232 516 dum
242 465 447 533 promontorium
456 463 548 512 Miseni
557 478 675 527 superare
686 461 859 521 contendunt,
871 467 967 517 Cuma·

58 542 97 589 nis
116 540 244 590 littoribus
259 539 375 605 impacti,
393 537 536 586 triremium
549 537 697 603 plerasque,
714 547 742 586 et
753 537 854 586 minora
867 538 968 606 navigia

57 615 150 680 passim
163 617 311 664 amiserunt.

91 687 200 737 XLVII.
212 689 274 737 Fine
285 687 347 736 enni
356 683 491 750 vulgantur
505 683 623 750 prodigia
638 684 829 734 imminentium
842 684 968 736 malcrum

58 765 159 814 nuntia.
171 763 217 814 Vis
229 762 357 828 fulgurum
370 779 423 810 non
433 759 493 808 alitis
505 759 633 826 crebrior,
647 771 672 808 et
684 759 755 809 sidus
767 773 895 819 cometes,
907 777 969 810 ean·

60 839 136 904 guine
149 837 242 884 illustri
251 852 348 901 semper
360 835 459 884 Neroni
472 835 615 899 expiatum.
627 833 748 899 Bicipitct
760 833 894 884 bominum
904 834 971 882 alio·

57 899 149 961 ¹rumre
165 910 311 960 aninralium
323 921 410 975 partus
422 909 514 972 abjecti
527 909 554 956 in
570 907 718 974 poblicum,
735 909 816 958 autin
828 907 969 970 sacrifieiis,

60 983 153 1046 quibus
167 981 283 1046 gravidas
296 982 390 1033 hostias
406 982 539 1031 immolare
555 997 612 1029 mos
627 991 683 1038 est,
697 982 803 1046 reperti.
821 983 854 1030 Et
870 981 896 1030 in
911 992 972 1046 agro

60 1056 220 1118 Placentino,
231 1058 297 1104 viam
307 1061 423 1123 propter,
434 1067 509 1105 natus
519 1054 628 1111 vitulus,
641 1053 683 1102 cui
693 1065 770 1120 caput
780 1055 807 1102 in
817 1071 889 1103 crure
897 1063 972 1104 esset.

62 1129 199 1191 Secutaque
209 1127 374 1198 haruspicum
388 1129 562 1194 interpretatio
575 1146 581 1176 :
593 1128 698 1192 uparari
708 1143 793 1176 rerum
804 1125 974 1178 bumanorum

64 1200 132 1248 eliud
141 1214 216 1268 caput
225 1219 231 1252 ε
243 1203 287 1252 sed
296 1220 347 1254 non
354 1202 408 1252 lore
419 1201 531 1250 validum
538 1237 547 1260 ,
555 1217 636 1266 neque
644 1201 773 1250 occultum
779 1220 789 1265 5
798 1201 857 1265 quia
864 1201 891 1250 io
899 1213 975 1251 utero
1048 1266 1049 1269 Ἴ

65 1289 222 1340 repressum,
237 1291 280 1326 aut
290 1277 338 1325 iter
352 1277 420 1339 juxta
433 1274 531 1323 editum
543 1275 608 1324 situ.

95 1345 216 1398 XLVIII.
227 1348 319 1400 lnennt
329 1349 419 1399 deinde
430 1347 592 1400 consulatum
602 1348 679 1398 Silius
689 1345 787 1407 Nerva,
798 1343 900 1398 Atticus
909 1347 977 1398 Ves·
1048 1342 1049 1349 '

65 1419 147 1483 tinus,
160 1423 240 1488 coepti
253 1424 368 1472 simulet
381 1421 454 1472 aucti
465 1422 652 1486 conjuratione,
670 1423 696 1470 io
708 1438 782 1486 qoem
798 1421 914 1470 certatim
929 1438 979 1470 no-

65 1495 133 1542 mina
144 1493 281 1559 dederant,
291 1509 434 1556 senatores,
444 1512 520 1560 eques
528 1531 536 1551 ‚
544 1496 630 1553 miles,
641 1494 740 1544 femina
750 1495 826 1542 etiarn
835 1530 841 1550 ,
849 1490 909 1542 crim
916 1494 979 1544 odio

64 1567 185 1634 Neronis,
203 1581 256 1620 tum
270 1569 356 1620 farore
370 1571 396 1618 in
409 1570 436 1618 C.
451 1569 581 1618 Pisonem.
596 1566 621 1616 la
637 1567 773 1633 Calpurnio
789 1583 879 1631 genere
892 1581 981 1632 ortus,

66 1653 95 1686 nc
103 1640 196 1689 multas
204 1643 362 1707 insignesque
369 1639 476 1690 lemilias
484 1637 588 1704 pincerni
594 1639 728 1688 nobilitate
738 1641 902 1704 complexus,
909 1642 980 1690 claro

66 1710 135 1775 apud
151 1715 254 1778 vulgum
264 1728 365 1762 rumore
380 1723 448 1770 erat,
464 1727 507 1776 per
523 1711 661 1771 virtutem,
673 1722 718 1761 aut
733 1711 830 1778 species
842 1713 983 1763 virtutibus

67 1783 172 1834 similes.
189 1787 302 1850 Namque
316 1783 460 1834 facundiam
472 1781 575 1836 tuendis
586 1784 847 1845 eirihutererccbat‚
860 1786 982 1854 largitio.

67 1871 127 1906 nem
140 1858 259 1909 adversus
273 1858 383 1921 amicos,
398 1869 422 1906 et
440 1857 532 1922 ignotis
549 1856 651 1922 quoquc
667 1860 734 1908 comi
750 1872 866 1911 sermone
879 1873 905 1911 et
916 1878 984 1912 coo·

66 1947 162 1995 gressu.
174 1932 287 1982 Aderant
298 1932 375 1980 etiam
388 1930 504 1994 fortuita,
516 1947 610 1998 corpus
628 1948 778 1998 procerum,
792 1935 884 1984 decora
894 1935 982 1984 facies.

67 2003 117 2052 Sed
128 2005 215 2070 procul
222 2006 332 2072 gravitas
342 2021 457 2070 urorum,
469 2017 514 2054 aut
524 2006 687 2072 voluptatum
696 2008 853 2072 parcimonia
863 2025 871 2058 a
881 2010 987 2059 lenitati

68 2091 98 2124 ae
113 2077 315 2140 uragoificentiae‚
330 2090 356 2128 et
367 2079 502 2145 aliquando
516 2079 589 2128 luxui
604 2078 761 2145 indulgebat.
776 2081 855 2146 quue
866 2081 987 2148 pluribus

68 2149 232 2215 probabatur,
243 2150 302 2216 qni,
315 2151 339 2198 in
349 2151 545 2216 tnntdvitioeum
553 2150 687 2202 dulcedine
692 2189 701 2215 ,
711 2155 988 2221 summumimperium

70 2239 122 2273 non
134 2225 287 2282 restrictum,
295 2241 343 2273 nec
353 2240 517 2290 perseverunt
527 2225 628 2275 volunt.

103 2293 202 2346 XLIX.
220 2298 323 2347 lnitium
336 2299 507 2362 coniurationi
521 2314 573 2351 non
588 2296 603 2347 d
616 2297 734 2365 cupidine
747 2299 827 2366 ipsine
844 2296 895 2347 luit
912 2315 919 2346 ι
937 2315 989 2348 nee

62 2373 158 2418 'tamen
173 2367 245 2420 faciit
256 2373 465 2429 memoraverim¹
478 2373 536 2436 quis
546 2370 646 2437 primus
657 2383 760 2433 unctor,
771 2370 844 2435 cujus
857 2369 988 2420 instinctu

73 2443 204 2492 concitum
219 2443 266 2512 sit,
279 2443 348 2509 quod
365 2455 417 2493 tam
430 2445 505 2493 mrilti
519 2456 693 2511 srunpseruut.
712 2445 920 2510 Promptissimce
935 2443 990 2492 Su·

71 2515 159 2565 brium
173 2516 304 2575 Flavium,
323 2517 454 2566 tribunum
471 2519 592 2583 praetoriae
604 2517 730 2578 cohortis,
742 2530 768 2566 et
782 2517 925 2581 Sulpicium
935 2515 1000 2590 Ass

71 2605 158 2654 prum,
167 2592 353 2648 centurionem,
364 2591 497 2648 exstitisse,
507 2591 649 2638 coustantio
659 2590 741 2646 exitiis
755 2589 851 2639 docuit.
867 2589 976 2649 EtLuet

73 2677 124 2710 nus
138 2663 260 2729 Annaeus,
271 2664 435 2727 Plautiusque
448 2659 604 2723 Lateranus,
620 2663 711 2711 consul
722 2663 885 2728 designatus,
898 2664 975 2713 virid
996 2706 1004 2716 .
1034 2679 1044 2708 t

74 2733 133 2784 odia
141 2735 257 2785 intulere.
269 2735 399 2786 Lucanum
411 2733 518 2798 proprie
529 2749 609 2783 causae
619 2735 804 2800 accendebant,
815 2735 886 2803 qnod
895 2735 994 2788 lamam
1039 2742 1042 2763 ³

74 2812 215 2860 carminum
227 2813 280 2877 ejus
290 2810 422 2876 premebat
434 2808 517 2869 Nero,
527 2808 744 2879 prohibueratque
755 2824 899 2870 ostentare,
910 2831 995 2866 vanus
1033 2799 1038 2816 ⁸

75 2884 278 2934 adsimulatione.
291 2883 459 2940 Lateranum,
471 2885 602 2934 consulem
614 2884 774 2952 designatum
783 2921 790 2945 ,
800 2887 871 2935 nulle
883 2887 994 2952 injuria,
1049 2892 1050 2899 ’

75 2957 121 3006 sed
138 2973 209 3005 amor
223 2957 365 3022 reipublice
382 2957 498 3008 sociarit.
511 2956 812 3018 Antiouestaion,
829 2972 856 3009 et
866 2959 994 3024 Afranius
1049 2965 1050 2985 ³

76 3029 258 3090 Quinctiorum,
272 3041 377 3094 uterque
392 3030 512 3079 senatorii
522 3031 618 3082 ordinis
625 3068 632 3092 ,
644 3043 731 3082 contra
742 3030 835 3082 laniem
847 3033 904 3092 sul,
919 3035 996 3100 prin·
1048 3045 1050 3056 ⁴

77 3103 174 3168 cipiuru
189 3103 253 3150 tanti
268 3100 388 3152 iocinoris
401 3103 560 3169 capessivdre
573 3122 579 3152 :
593 3122 651 3154 nam
666 3107 774 3156 Scerino
788 3105 915 3157 dissoluta
930 3109 997 3158 luxu
1009 3105 1018 3114 ’

77 3191 160 3233 inens,
170 3188 195 3223 et
207 3175 312 3241 proinde
324 3177 374 3226 vita
384 3193 473 3226 somno
486 3177 621 3240 languida:
634 3181 803 3244 Quinctianus
813 3179 921 3229 mottiiit
932 3197 997 3230 cor·

79 3250 148 3313 poris
161 3248 275 3308 infamis,
290 3261 315 3297 et
327 3248 341 3298 ai
353 3249 456 3304 Nerone
467 3251 592 3320 probroso
607 3255 719 3306 carmina
734 3253 890 3319 differentur,
904 3265 1000 3323 contu,

80 3321 169 3375 melias
183 3323 265 3376 ultum
279 3324 343 3378 ibat.
557 3327 560 3333 '
