2100 3709
15 134 57 151 .-
136 111 186 164 564
272 107 274 112 '
456 118 720 161 coementem
811 148 816 152 -

136 208 224 259 limus.
234 201 381 265 Dolabella,
392 202 477 253 auditi
488 216 571 253 morte
582 203 706 262 Othonis,
721 201 812 253 urbem
821 201 960 255 introierat
971 222 977 253 ι
988 203 1009 253 iri
1018 202 1031 251 ti

136 278 258 331 Plancius
274 280 371 338 Varus,
386 279 495 345 praeturis
508 276 623 338 functus,
637 294 668 328 ex
680 278 775 327 intimis
786 278 927 328 Dolabella
948 280 1036 337 amicis„

136 354 207 421 apud
222 354 338 403 Flavium
354 354 491 410 Sabinum,
506 350 654 420 prefectum
669 352 755 411 urbis,
772 351 882 417 objecit,
902 371 917 402 o
927 352 1036 417 tanquan*

136 421 213 498 rupti
226 426 358 489 custodit,
374 426 465 474 ducem
476 442 503 474 se
518 427 594 475 victis
610 426 727 493 partibus
742 427 916 477 ostentasset»
930 446 938 476 :
954 426 1032 476 addidit

136 520 156 553 n
163 513 286 551 tentatam
294 500 440 563 cohortem,
450 516 504 565 quse
513 502 590 562 Ostia
599 512 684 567 ageret
692 518 707 549 u
718 519 724 549 ε
736 516 782 550 uec
792 501 850 550 ullis
859 512 994 561 tantorum
1002 502 1031 549 cri·

138 578 238 628 minum
247 575 441 641 probationibus
451 575 661 641 inpoenitentiam
672 590 774 636 versus,
786 590 866 624 seram
878 578 986 625 reniam
994 586 1031 641 pot

137 651 223 700 scelus
235 650 369 713 querebat.
386 648 558 698 Cunctantem
568 664 646 715 super
659 648 729 700 tanti
740 666 767 698 rs
782 648 899 699 Flavium
911 649 1029 703 Sabinum,

116 769 118 776 ,
137 726 250 790 libiaria,
261 722 290 773 L'.
302 724 402 772 Vitellii
412 738 490 781 uxor,
501 724 567 773 ultra
579 723 701 775 leminam
709 722 780 773 ierox
791 724 900 781 ,terruit
912 740 927 771 s
937 741 972 773 ue
983 725 1029 789 peri·

138 800 199 849 culo
210 799 332 865 prbroipis
341 796 435 847 lamam
449 799 590 848 clementie
602 797 761 848 affectaretu.
772 797 893 858 Sabinus,
910 810 1000 865 suopte
1011 800 1031 845 iu

136 873 212 937 genio
223 871 308 928 mitis,
321 870 365 919 ubi
379 869 490 921 lormido
502 870 655 931 incessisset,
670 870 875 933 iacilismutatu,
886 884 915 921 et
929 873 956 921 in
969 874 1031 921 aliem

137 946 282 996 discrimine
291 946 340 995 sibi
348 962 443 1013 parens
450 982 456 1007 ,
464 962 499 995 ne
507 945 637 996 adlevlsse
648 945 792 1008 rideretur,
802 946 908 1013 impulit
919 961 1030 998 mentem.

168 1016 265 1069 thv.
272 1017 354 1085 igitur
361 1020 491 1083 Vitellius,
500 1030 570 1068 metu
583 1030 608 1069 et
620 1018 690 1083 odio,
699 1017 769 1084 qubd
775 1018 936 1082 Petroniam,
944 1037 1032 1071 uxoren

138 1092 208 1158 ejus,
226 1109 287 1143 mox
301 1093 435 1143 Dolabella
448 1095 474 1143 in
491 1093 685 1143 matrimonium
700 1094 850 1159 accepisset,
868 1106 993 1143 vocatum
1004 1112 1031 1160 ptr

138 1167 275 1234 epistolas,
292 1167 396 1217 usitati
408 1167 594 1216 Flaminiaeriae
607 1166 768 1226 celebritate,
781 1166 912 1216 devertere
924 1168 1030 1217 interero

137 1241 226 1300 nium,
240 1250 315 1306 atque
327 1242 361 1290 ibi
372 1241 503 1292 interficis
515 1238 597 1304 jussit.
610 1240 727 1306 Longum
741 1236 897 1291 interiectori
914 1240 1030 1290 visurum

137 1314 230 1363 itinere
241 1330 269 1363 ac
278 1313 383 1364 taberni
394 1314 538 1381 proiectum
548 1312 623 1363 humi
632 1312 757 1378 jugularit
767 1332 772 1361 ς
783 1311 947 1379 magniscam
958 1315 1031 1363 invidi

138 1387 201 1435 novi
217 1387 392 1456 principalius,
409 1387 481 1451 eujus
498 1388 548 1437 iroc
562 1388 673 1453 primum
692 1387 819 1452 specimen
834 1387 998 1437 noscebatur.
1012 1388 1032 1435 iit

138 1460 245 1513 Triaria
260 1462 409 1519 licentiam,
426 1461 573 1513 modestum
586 1460 600 1509 ὲ
615 1459 733 1526 proximo
747 1459 891 1525 exemplum
909 1461 1036 1520 onerabat„

139 1535 243 1585 Galeria
261 1536 422 1600 imperatoris
435 1550 515 1591 uxor,
530 1550 581 1581 nou
596 1530 712 1601 immista
729 1532 862 1597 tristibus3
875 1544 901 1581 et
919 1535 974 1599 pari
988 1550 1036 1599 pros

140 1606 221 1656 bitate
236 1618 318 1655 mater
330 1605 510 1668 Vitelliorum,
530 1604 648 1659 Sextilia,
662 1603 760 1667 antiqui
774 1603 862 1665 moris.
876 1602 977 1655 Dixisse
989 1608 1024 1671 qui

142 1679 234 1740 etism,
245 1678 278 1725 ad
288 1677 381 1742 primas
389 1677 436 1725 tilii
446 1678 487 1725 sui
495 1677 626 1743 epistolas,
637 1676 777 1735 serebatur,
787 1694 841 1726 non
851 1680 1019 1728 oGerrnanicu

142 1749 209 1814 lae,
219 1749 264 1797 sed
272 1748 405 1801 Vitellium
413 1750 527 1815 genitum
537 1768 563 1799 n.
572 1751 625 1799 Nec
633 1749 690 1798 ullis
700 1749 788 1815 postet
799 1749 904 1801 fortuna
913 1754 1029 1803 illecebri.

142 1836 188 1876 aut
202 1823 301 1872 ambitu
311 1822 422 1871 civitatis
430 1825 477 1884 ,in
488 1822 609 1889 gaudium
626 1824 724 1885 evicta,
736 1823 826 1877 dontius
841 1842 890 1874 sure
897 1828 1000 1877 tantirm
1010 1826 1029 1876 ri

142 1910 215 1949 versa
226 1896 314 1943 sensit.
439 1927 441 1931 ,
648 1906 664 1935 ν
701 1938 702 1943 ,

177 1966 258 2018 va.
284 1966 432 2033 Digressum
453 1968 611 2035 lLugduuo
633 1963 768 2022 Vitellium
784 1973 822 2023 M.
842 1972 950 2023 Cluvius
973 1971 1032 2022 Ruit

25 2064 30 2069 ·
68 2104 72 2107 ῃ
146 2039 311 2105 adsequitur,
328 2042 423 2092 omissi
437 2043 579 2110 Hispanum
597 2045 709 2095 laetitiam
727 2059 753 2096 et
767 2034 964 2111 gratulationem
982 2048 1034 2095 volu

144 2114 245 2177 ferens,
256 2113 343 2164 animo
352 2116 455 2177 anxius,
469 2128 497 2166 et
504 2119 616 2182 petitum
624 2134 650 2167 se
661 2120 879 2169 criminationibus
890 2136 989 2185 gnarus.
1005 2122 1027 2169 li'

145 2188 225 2240 larius
241 2188 344 2240 &saris
358 2190 465 2241 libertus
481 2191 624 2251 detulerat,
644 2202 789 2256 «tunquam
810 2192 898 2245 audito
914 2194 1011 2245 Vitellii
1035 2250 1036 2253 Ἴ

147 2261 259 2313 Othonis
269 2262 435 2329 principatu,
447 2266 578 2331 propriam
592 2266 645 2331 ipss
658 2268 813 2331 potentiam,
826 2279 854 2332 et
868 2270 1036 2332 possessionen

145 2335 327 2403 Hispaniarum
340 2336 466 2387 tentisset
481 2357 487 2386 :
503 2337 585 2403 eoque
602 2337 784 2405 diplomatibus
799 2332 898 2389 nulium
915 2344 1025 2409 principe

148 2410 372 2477 prescripsissetu.
381 2411 598 2479 interpretabatur
607 2413 756 2477 quaedamst
764 2412 921 2463 orationibus
927 2415 1025 2480 ejus,co

148 2486 317 2535 tumeliosain
325 2485 469 2551 Vitellium,
477 2499 559 2553 etpro
569 2502 594 2537 se
602 2487 804 2553 ipsopopnlasis.
814 2487 964 2538 Auctoritas
973 2493 1018 2543 Ciu

149 2557 295 2625 prevaluit,
308 2568 337 2606 ut
345 2558 432 2624 puniri
440 2560 510 2610 ultro
520 2552 642 2609 iliter-tum
654 2574 729 2616 suum
740 2560 859 2611 Vitellius
870 2560 972 2624 juberet
983 2567 1014 2615 :C

148 2633 206 2681 rius
219 2632 352 2680 comitatui
363 2632 486 2699 principis
496 2634 624 2699 adjectus,
635 2650 687 2685 nou
700 2634 816 2703 adempti
827 2634 972 2701 Hispania,
986 2656 1014 2705 qn

148 2708 217 2754 rexit
223 2705 321 2765 absens,
327 2706 444 2771 exemplo
452 2708 482 2755 t.
491 2707 620 2774 Arruntii:
629 2725 688 2757 eum
695 2708 813 2757 Tiberius
820 2709 902 2758 Cesar
911 2711 946 2759 ob
951 2726 1018 2761 metu

151 2776 274 2828 Vitellius
284 2778 401 2827 Cluvium
408 2780 479 2829 nulli
488 2780 632 2842 lonnidine,
642 2782 774 2833 retinebat.
781 2782 842 2831 ‘Nou
852 2781 922 2833 idem
932 2785 1027 2836 Trebeli

151 2850 264 2901 Maximo
277 2850 358 2900 honos
370 2852 533 2919 :profugerat
547 2854 693 2915 Britanuil,
708 2856 740 2905 ob
755 2854 912 2904 iracundiam
927 2860 1036 2911 militum

94 2964 97 2971 ,
152 2923 245 2974 missus
255 2935 293 2989 est
304 2926 332 2972 in
343 2924 429 2973 iocum
440 2925 496 2988 ejus
505 2928 610 2977 Vettius
621 2929 754 2983 nolanusc
764 2929 943 2995 pratentibus.

185 2994 280 3045 LXVI.
295 2995 412 3062 Augebat
425 2998 559 3049 Vitellium
576 3004 705 3067 victarum
718 3002 845 3068 legionum
864 2934 1036 3285 haudque&

120 3073 124 3080 ‘
152 3067 247 3120 fractus
256 3071 354 3119 animus
364 3087 370 3117 r
380 3084 470 3135 sparsas
479 3088 523 3135 per
532 3070 646 3133 ltaliam,
659 3088 685 3131 et
696 3076 835 3129 victoribus
843 3082 991 3143 permixte,
1003 3082 1016 3130 t

154 3141 208 3195 tilis
220 3141 388 3205 loquebantur
399 3160 405 3190 t
416 3147 542 3211 precipua
559 3142 841 3211 quartadecimanorum
855 3152 972 3214 ferocia,
984 3157 1018 3219 qui

155 3216 241 3263 victos
253 3212 398 3264 abnuebant
414 3231 420 3262 ε
436 3219 551 3283 equippe
561 3218 720 3270 Bedriacensi
732 3222 802 3281 scie,
815 3226 958 3275 vexillariis
968 3224 1034 3275 taurin

153 3287 250 3351 pulsis,
266 3290 331 3335 uires
344 3288 452 3353 legionis
460 3306 511 3339 non
528 3291 637 3343 adfuisse
646 3294 787 3349 u.liemitti
795 3314 839 3348 eos
848 3299 876 3347 in
889 3300 1036 3365 Britanniam

155 3357 222 3416 unde
238 3356 251 3410 ὲ
265 3359 367 3416 Nerone
377 3362 457 3420 ,exciti
472 3376 543 3424 erant
551 3400 559 3427 ,
577 3366 686 3442 placuit5
702 3382 777 3445 atque
791 3372 894 3425 iuterim
910 3375 1036 3443 Batauum
