2100 3709
11 48 216 106 moderandas
237 54 336 109 Tiberis
349 60 531 111 exundationes
542 51 701 109 verterentur
711 55 816 106 flumina
831 66 861 106 et
876 56 962 116 locus,

15 144 57 191 per
69 145 146 193 quos
163 132 305 199 augescit.
317 133 466 199 Audireque
480 134 680 200 municipiorum
691 143 718 181 ct
728 130 884 180 coloniarum
895 131 962 197 lega·

18 203 103 250 tiones
117 220 127 251 s
150 208 306 255 orantibus
318 208 487 265 Florentinis,
507 226 558 258 sne
570 208 656 256 Clanis
669 206 746 255 solito
758 206 830 253 alveo
842 206 963 253 demotus
1043 254 1047 262 ,

19 276 43 322 in
53 294 175 327 amnem
187 278 299 329 Arnum
313 281 500 339 transferretur,
508 282 585 346 idque
597 282 659 347 ipsis
668 278 812 345 perniciem
820 278 962 328 adlerretu.

19 350 225 415 Congruentia
239 353 278 401 his
290 355 472 405 Interamnates
483 355 636 421 disseruere3
650 368 772 419 «pessum
783 352 862 402 ituros
869 352 963 402 lustun-

16 421 145 474 dissimos
164 426 260 478 italie
272 430 409 495 campos-,si
418 430 500 477 amnis
510 430 563 478 Nar
576 424 877 497 (idenimparabatur)
888 425 915 471 in
925 424 964 472 ri-

19 516 64 547 vos
78 499 233 549 diductus
245 504 512 568 superstsgnovisseto.
523 502 580 552 Nec
591 501 693 551 Reatini
704 500 814 549 silebant
821 504 829 557 3
840 497 962 549 Velinum

16 578 124 632 lacum,
140 574 206 638 qud
231 576 258 623 in
276 576 369 625 Narem
387 574 539 634 effunditur,
557 577 654 628 obstrui
669 587 828 639 recusantes3
848 571 967 636 «quippe

19 650 44 697 in
57 646 233 711 adjacentia
250 660 417 715 erupturum,
437 648 542 715 optume
559 650 634 699 rebus
646 649 793 698 mortalium
804 645 963 695 consuluisse

17 734 160 785 naturam,
176 739 245 786 quae
256 740 300 772 sua
312 741 357 773 ora
367 724 530 781 fluminibus,
546 739 605 773 suos
615 740 718 781 cursus,
728 733 807 787 utque
821 719 963 784 originem,

16 796 48 845 its
62 798 135 847 lines
148 796 281 847 dederit:
291 798 437 864 spectandas
445 801 522 848 etiam
532 799 668 865 religiones
678 799 817 853 sociorum,
829 794 874 859 qui
881 808 962 850 sacra,

19 883 43 918 et
55 872 136 919 lucos
152 882 186 920 et
200 888 263 920 aras
275 873 363 937 patriis
375 872 492 921 omnibus
505 872 662 921 dicaverint:
676 873 739 936 quin
750 872 836 935 ipsum
844 865 962 916 Tiberim

17 944 88 991 nolle
105 960 234 1009 prorsus
246 945 340 993 accolis
356 946 439 993 fluviis
451 934 571 995 orbatum
583 949 682 994 minore
697 945 776 1009 glosis
788 944 865 991 liuere
873 960 898 990 u.
910 940 963 997 Seu

18 1034 110 1082 preces
124 1016 325 1076 coloniarum,
339 1035 381 1067 seu
394 1018 528 1071 difficultas
540 1036 663 1085 operum,
676 1020 728 1069 sire
738 1016 885 1083 superstitio
897 1052 903 1069 ,
915 1030 961 1061 va-

18 1090 82 1146 luit,
99 1103 130 1139 ur
153 1092 187 1140 in
202 1091 363 1140 sententiam
374 1092 475 1142 Pisonis
487 1093 687 1157 concederetur,
703 1094 748 1158 qui
758 1090 795 1140 nil
807 1087 961 1139 mutandum

19 1176 180 1213 censuerat.
468 1181 470 1188 ’

52 1255 180 1306 LXXX.
199 1256 363 1322 Frorogstm·
374 1256 483 1323 Poppseo
494 1258 588 1309 Sabino
601 1258 734 1326 provincia
748 1256 854 1316 Moesis,
868 1254 967 1307 adticis

21 1328 118 1379 Achaiai
139 1343 173 1379 et
191 1330 364 1379 Macedonis.
374 1330 405 1378 ld
413 1347 513 1392 quoque
523 1306 731 1379 morum‹'flberii
739 1330 801 1393 luit,
812 1332 966 1378 continuere·

24 1404 135 1467 imperia
144 1437 154 1462 ‚
169 1419 209 1448 ac
220 1401 361 1463 plerosque
372 1400 406 1446 sd
414 1402 494 1445 finem
501 1400 560 1445 uites
568 1400 594 1445 in
601 1402 689 1447 iisdem
699 1402 849 1450 exercitibus
856 1439 863 1461 ,
869 1415 911 1450 sut
918 1404 962 1466 ju·

25 1473 246 1525 risdictionibus
260 1469 364 1519 lubere.
378 1472 467 1521 (lause
476 1469 551 1517 varies
565 1468 698 1519 traduntur
709 1489 715 1518 :
728 1472 771 1518 alii
784 1474 879 1522 stadio
891 1465 967 1523 uorae'

26 1566 104 1612 curn,
128 1545 228 1596 semel
244 1542 336 1610 placita
348 1554 394 1609 pro
406 1544 506 1590 aeternis
518 1545 681 1591 servavisse»
696 1562 703 1590 z
717 1541 819 1609 quidam
833 1546 963 1607 «invidit,

28 1638 57 1669 ne
69 1624 169 1686 plures
184 1616 377 1666 fruerenturn:
396 1626 456 1663 sunt
474 1614 518 1679 qui
533 1613 698 1678 existiment,
713 1627 764 1663 sut
776 1614 897 1667 callidum
910 1618 963 1697 ejus

25 1697 178 1761 ingenium,
196 1696 235 1741 isn
250 1693 355 1741 anxium
364 1688 508 1754 judicium»
522 1707 528 1737 ι
542 1690 699 1753 nequeenim
709 1691 844 1740 eminentis
855 1692 968 1743 virtutes-

28 1770 185 1818 sectabatur
192 1804 201 1826 ,
216 1778 244 1815 et
252 1757 354 1814 rursum
368 1764 428 1813 vitia
441 1764 542 1811 oderat:
557 1780 588 1812 ex
600 1764 702 1830 optimis
711 1766 854 1834 periculum
866 1766 931 1825 sibi,
946 1766 965 1816 b

29 1844 152 1906 pessimis
165 1840 286 1889 dedecus
294 1840 427 1906 publicum
440 1839 587 1888 metuebat:
600 1839 652 1902 qul
663 1837 966 1905 hesitatiooepostremb

30 1914 58 1962 eb
77 1923 235 1980 provectus
253 1925 309 1975 est,
324 1924 353 1962 ut
374 1912 534 1963 mandaverit
548 1910 700 1979 quibusdam
716 1914 878 1979 provincias,
895 1930 965 1979 quos⁴

35 1989 124 2052 egredi
133 1989 204 2037 urbe
217 1999 336 2036 nouerat
348 2005 476 2053 passurus.

64 2078 198 2130 LXXXI.
215 2082 255 2129 De
266 2081 377 2129 comitiis
389 2080 572 2143 consularibus,
581 2098 634 2145 quse
644 2094 699 2131 tum
707 2082 875 2148 primdmillo
887 2083 967 2149 pri'n·

37 2152 92 2217 eipe
102 2189 109 2213 ‚
121 2171 152 2203 sc
166 2154 292 2222 deinceps
305 2154 373 2203 suste
381 2193 388 2215 ,
401 2155 443 2202 vix
458 2155 596 2219 quidquam
610 2157 710 2205 firmare
723 2161 804 2207 susim
818 2177 825 2223 5
838 2157 902 2206 adeo
915 2157 958 2206 di-

39 2240 67 2273 ve
72 2242 112 2275 rsa
121 2244 176 2277 non
188 2228 345 2299 moclb'afld
355 2240 481 2289 suctores,
488 2230 533 2278 sed
540 2233 566 2278 in
575 2231 652 2295 ipsius
661 2234 819 2282 orationibus
826 2233 960 2296 reperiun-

39 2308 89 2345 tur.
98 2300 183 2351 Modo
190 2302 531 2355 subtractiscaudidstorum
539 2305 820 2371 nominibusoriginem
828 2308 959 2369 cuiusque,

42 2382 67 2418 et
77 2374 173 2431 vitam,
195 2390 223 2425 et
237 2377 363 2443 stipendia
379 2376 527 2441 descripsit,
541 2379 625 2439 utqui
638 2378 720 2427 locent
733 2380 937 2442 intelligerentur
950 2398 966 2429 z·

39 2442 179 2508 aliquando
188 2450 217 2501 ed
228 2466 328 2515 quoque
338 2449 520 2513 significatione
530 2448 669 2503 subtracti,
677 2448 825 2495 candidatos
832 2449 959 2510 hortatus,

41 2532 73 2565 ue
88 2521 190 2571 ambitu
202 2525 307 2573 comitia
321 2522 468 2579 nuberent,
481 2536 555 2573 suam
566 2519 599 2569 ad
619 2518 644 2566 id
657 2534 743 2567 curam
755 2520 885 2585 pollicitus
899 2534 937 2571 est
951 2542 966 2572 :-

44 2590 193 2660 plemmque
207 2615 272 2648 neos
285 2595 382 2647 tantum
392 2597 459 2663 apud
468 2614 495 2645 se
506 2596 631 2661 professos
639 2596 779 2654 disseruit)
788 2611 898 2659 quorum
907 2614 960 2647 nc-

45 2664 112 2713 mina
122 2672 274 2719 consulibus
288 2670 424 2738 edidisset3
437 2687 511 2737 posse
527 2683 553 2718 et
565 2670 628 2718 elios
640 2670 768 2734 profiteri,
781 2671 803 2718 si
815 2673 900 2734 gratiss
915 2683 968 2721 aue

45 2740 144 2789 meritis
156 2744 317 2793 confiderent
328 2762 354 2793 :n
369 2747 482 2811 speciosa
500 2745 584 2793 verbis
592 2780 599 2803 ,
614 2760 641 2793 re
655 2745 754 2809 inania,
770 2756 813 2792 aut
828 2746 934 2795 subdola
949 2765 965 2794 :-

47 2812 191 2877 quantisque
207 2819 305 2882 maJore
316 2816 439 2873 libertatis
454 2819 563 2885 imagine
576 2818 740 2887 tegebantur,
755 2817 826 2870 tanto
838 2833 970 2889 erupturas

47 2882 78 2936 ad
88 2884 211 2943 infensius
223 2890 365 2945 servitium·
