2100 3709
380 55 636 99 suniemirus.
656 65 699 99 rr,
942 51 988 104 13'1

61 136 270 202 postularent:
285 155 336 205 quo
347 155 394 208 per
410 141 591 192 discessionem
603 141 683 205 sacto,
700 142 771 192 misit
782 139 878 194 litteras
892 144 971 195 Cesar
979 181 987 208 ,

63 211 175 260 modice
185 214 318 270 tribunum
328 215 474 281 increpans,
487 219 615 284 ignarum
626 219 736 286 antiqui
747 217 828 268 moris
839 219 872 268 od
879 219 984 287 juven·-

64 295 146 351 ram5
158 285 239 333 Gallo
252 286 435 350 exprobrabat,
448 305 463 336 (r
472 287 542 350 qudd
553 288 663 336 scientiae
673 289 922 355 cerimoniarumque
934 307 983 339 ve-

63 370 109 410 tus
115 399 127 422 ,
143 360 247 408 incerto
257 371 375 418 auctore,
386 371 444 412 aute
458 362 611 410 seutentiam
626 361 739 427 collegii,
753 375 819 418 non,
833 375 861 411 ut
872 364 965 414 assolet
979 401 986 423 ‚

66 428 141 484 le'cto
160 449 208 500 pes
222 435 371 499 magistros,
384 434 556 499 aestimatoque
573 437 700 497 carmine,
717 435 784 502 apud
803 435 986 504 infrequentem

69 520 194 558 senatum
210 510 333 574 egisset».
344 510 423 561 Simul
440 507 653 576 commonefecit,
670 511 751 578 «quia
762 511 842 560 multa
861 529 924 561 vana
941 515 987 562 sub

67 583 180 633 nomine
196 585 292 635 celebri
311 584 495 649 vulgabantur,
516 586 628 634 sanxisse
650 592 811 652 Augustum,
833 603 909 653 quem
924 588 989 638 intra

71 656 144 706 diem
154 656 189 706 ad
195 670 332 724 pretorem
344 659 469 709 urbanuu
481 656 655 717 deterreatur,
671 676 754 724 neque
764 659 856 710 habere
868 661 988 726 privatim

69 729 163 780 liceret
170 748 204 780 u:
215 731 285 797 quod
296 730 310 782 i
322 729 461 796 maioribus
470 747 571 797 quoque
584 730 713 782 decretum
723 743 791 792 eret,
802 743 861 800 post
871 743 987 800 exustum

70 803 163 851 sociali
171 804 242 854 bello
253 804 420 871 Capitolium,
430 804 539 868 quaesitis
549 804 638 864 Samo,
652 804 714 862 llio,
725 803 856 870 Erythris,
866 821 912 870 per
920 803 988 854 Airi-

68 891 128 925 cam
143 878 225 926 etim
240 894 270 927 ao
281 878 410 941 Siciliam,
426 889 452 926 et
464 875 566 928 Italicas
581 878 693 928 colonias
706 877 861 928 carminibus
870 878 986 942 Sibylla,

68 967 177 1003 uusaeu
185 954 272 1020 plures
280 953 485 1019 iudre,datoque
492 952 667 1004 sacerdotibus
676 954 792 1019 negotio,
804 965 929 1018 quantum
937 954 987 1002 hu-

69 1026 148 1076 mna
156 1043 208 1093 ope
219 1029 377 1094 potuissent,
386 1045 444 1078 vera
452 1027 606 1078 discernere.
616 1027 698 1094 Igitur
707 1039 767 1078 tunc
776 1043 876 1093 quoque
886 1024 988 1077 notioni

71 1101 308 1165 quindecimvirism
319 1105 341 1153 ia
352 1105 417 1154 liber
430 1103 572 1168 subiicitur.

100 1174 178 1226 xltt.
196 1177 293 1230 lisdem
308 1177 468 1234 consulibus,
487 1179 609 1241 gravitate
621 1194 725 1226 annonas
744 1177 814 1242 juxte
831 1177 985 1228 seditionem

69 1262 181 1300 ventum
194 1271 200 1302 ε
213 1253 355 1318 multaque,
367 1251 489 1318 etplrtses
498 1267 544 1316 per
559 1252 623 1310 dies,
639 1254 665 1300 iu
674 1251 775 1302 theatro
784 1253 902 1302 licentibs
914 1253 984 1302 effla-

7 1363 8 1366 *
70 1326 148 1389 girata
159 1327 253 1394 ,quim
265 1330 372 1378 solitum
380 1363 388 1385 ,
396 1325 533 1377 adversirm
543 1327 726 1389 imperatorem
740 1346 746 1375 ε
759 1329 814 1392 quis
827 1338 986 1382 commotus,

69 1403 198 1452 incusavit
208 1403 374 1467 magistratus
385 1409 535 1465 patresque.
554 1416 568 1446 rr
580 1399 649 1462 qudd
661 1416 713 1448 non
725 1401 825 1464 publici
837 1403 987 1449 auctoritate

70 1475 197 1541 populum
216 1474 391 1524 coercuissent
401 1491 416 1521 n
432 1490 438 1521 :
451 1471 617 1537 addiditque,
637 1473 751 1538 equibus
763 1473 776 1521 δ
788 1476 941 1538 provinciis,
959 1486 986 1522 ct

71 1546 166 1610 quantd
176 1548 317 1612 majorem,
328 1545 404 1610 quim
409 1545 557 1611 Augustus,
566 1545 603 1593 rei
613 1543 780 1594 frumentariae
790 1547 888 1612 sopiam
898 1545 987 1594 advec-

71 1630 136 1672 taret
143 1639 170 1670 n.
177 1621 220 1671 lta
227 1620 378 1686 castigandis
385 1621 453 1685 plebi
460 1619 630 1685 compositum
638 1617 894 1674 senatusconsultum,
899 1617 985 1684 prisci

6 1692 7 1701 ¹
71 1695 208 1746 severitate
220 1709 323 1759 :neque
334 1692 435 1758 segnitia
444 1693 561 1744 consules
573 1691 675 1742 edixere
686 1693 834 1742 :silentium
844 1692 922 1759 ipsius
932 1705 986 1741 notu

73 1770 160 1829 civile,
173 1781 204 1818 ut
216 1768 358 1818 crediderat
368 1803 375 1830 ‚
386 1767 431 1817 aed
443 1769 469 1817 in
478 1769 623 1834 superbiam
632 1768 814 1834 accipiebatur.

5 1834 6 1889 ζ
99 1843 176 1908 XIV.
184 1841 249 1891 Fine
258 1843 318 1892 aurai
326 1841 472 1903 Geminius,
482 1842 583 1898 celsus,
594 1841 745 1907 Pompeius,
756 1840 983 1906 equitesRomaui,

67 1917 181 1966 cecidere
199 1915 378 1978 conjurationis
394 1917 510 1965 crirniue.
530 1916 569 1966 Ex
591 1915 649 1982 quis
671 1913 804 1966 Geminius
821 1913 984 1982 prodigentid

68 2007 163 2057 opum,
176 2006 205 2038 ao
215 1988 324 2039 mollius
336 1991 392 2038 ritae
402 1992 500 2040 amicus
508 1991 615 2055 Sejan03
626 1989 690 2038 nihil
702 1989 734 2039 ad
744 1991 850 2040 serium.
861 1987 984 2040 EtJulius

68 2065 157 2116 Celsus
165 2099 173 2124 ,
182 2065 313 2122 tribunus,
324 2065 349 2112 iu
361 2063 449 2112 vinclis
457 2064 567 2114 laxatam
575 2075 690 2120 catenam
698 2099 705 2125 ,
714 2075 741 2114 et
749 2062 946 2118 circumdatam,
958 2062 983 2110 in

70 2137 202 2188 diversum
215 2136 336 2194 tendens,
349 2152 421 2185 suam
432 2137 487 2202 ipse
499 2140 626 2187 ceruicem
635 2135 765 2204 perhegit.
778 2135 921 2190 Atdiubrlo
933 2135 984 2184 Fa-

68 2212 128 2262 bato
138 2249 146 2270 ,
158 2223 294 2276 tauquam,
310 2209 452 2276 desperetis
461 2197 541 2258 rebus*
547 2212 683 2268 Romanis,
696 2208 848 2258 Parthorum
860 2209 891 2256 ad
904 2208 982 2255 mise-

69 2285 204 2334 ricordiam
215 2285 330 2351 sugeret,
343 2283 461 2334 custodes
472 2282 554 2335 additi
565 2301 571 2331 ε
584 2283 644 2334 saue
654 2284 675 2332 is
684 2295 800 2350 repertus
809 2280 876 2348 apud
888 2278 983 2330 fretum

69 2361 155 2409 Siciliae
163 2395 171 2420 ,
184 2369 358 2424 retractusque
369 2375 415 2425 per
429 2363 622 2426 centurionem,
637 2360 718 2408 nullas
732 2358 877 2424 probabiles
895 2368 983 2405 causus

5 2438 7 2461 r
70 2436 210 2502 longinque
225 2437 439 2503 peregrinationis
457 2434 606 2486 adimebat:
626 2435 820 2483 menuittameu
832 2432 983 2485 incolumis,

70 2512 197 2561 oblivione
209 2512 290 2578 magis
302 2510 378 2576 quim
392 2509 539 2560 clementii.
674 2531 677 2536 ·

5 2614 6 2619 =
98 2585 156 2635 XV.
170 2587 257 2634 Servio
269 2584 351 2634 Galba
361 2619 369 2645 ,
380 2583 409 2633 L.
427 2582 497 2633 eunt
510 2599 575 2632 coss
591 2581 637 2630 diu
649 2578 770 2644 quaesito,
787 2593 850 2644 quoa
861 2577 981 2645 neptibus

71 2660 119 2708 tuis
131 2659 237 2708 maritos
249 2658 390 2708 destinaret
402 2657 492 2712 caesai,
502 2666 638 2723 postquam
649 2651 760 2702 instabat
769 2651 895 2718 virgiuum
906 2663 964 2714 :etas
973 2687 982 2711 ,

69 2731 98 2782 L.
110 2734 240 2791 Cassium,
252 2731 293 2784 M.
305 2733 436 2786 Vinicium
446 2731 517 2798 legit.
530 2730 632 2784 Vinicio
644 2727 800 2795 oppidanum
813 2743 910 2794 genus,
928 2727 980 2777 Cs-
1026 2747 1032 2766 r

69 2807 133 2857 libus
147 2819 233 2866 ortus,
248 2819 319 2873 patre
336 2819 413 2872 atque
423 2825 472 2856 aro
483 2804 674 2860 consularibus,
688 2814 769 2852 cetera
781 2804 891 2868 equestri
902 2802 980 2850 lami·

68 2881 100 2931 lii
112 2894 185 2948 erat,
198 2883 268 2931 mitis
280 2883 399 2948 ingenio,
412 2895 438 2931 et
449 2893 556 2947 compta
569 2879 701 2932 facundiae.
713 2877 814 2928 Cassius
824 2877 911 2944 plebei
921 2877 979 2924 Ro·
1039 2917 1040 2922 ,

69 2973 112 3006 mae
125 2957 241 3021 generis,
254 2954 344 3005 rerum
356 2956 453 3020 antiqui
470 2953 653 3018 honoratique,
670 2963 697 3001 et
708 2948 795 3001 severi
807 2949 886 3021 patria
902 2950 981 2998 disci·

4 3044 8 3055 ⁶
68 3030 132 3096 piinai
141 3027 260 3088 eductus,
271 3029 392 3082 facilitate
400 3027 502 3096 sepitis,
511 3027 588 3094 quim
597 3027 732 3089 industrii,
740 3023 979 3076 commendabatur.

68 3107 132 3155 Huic
142 3103 297 3162 Drusillam,
307 3105 409 3154 Vinicio
424 3105 517 3154 Julism
527 3141 533 3163 ,
545 3103 698 3153 Germanico
708 3101 819 3167 genitas,
828 3096 961 3160 ,conjungit
971 3113 979 3144 r

68 3193 189 3246 superque
199 3177 227 3225 sd
238 3193 279 3241 re,
290 3180 389 3228 senatui
397 3179 507 3244 scripsit,
516 3177 568 3225 ieri
582 3191 640 3223 cum
649 3173 746 3225 horrore
756 3173 892 3236 juvenum:
904 3168 980 3236 dein,

70 3253 175 3304 redditis
196 3249 315 3300 absentie
337 3253 418 3303 causis
437 3249 579 3300 admodum
598 3249 686 3314 ragis,
708 3247 780 3295 ilexit
797 3243 829 3290 ad
847 3241 961 3306 graviora
971 3277 980 3307 ,
1014 3253 1017 3262 ¹

69 3342 94 3402 et
103 3327 296 3383 offensionesob
306 3325 489 3395 rempublicam
499 3333 593 3390 coeptus
605 3338 611 3374 z
625 3332 720 3388 curque
729 3319 823 3442 illapso6
831 3313 979 3380 prefectus,
