2100 3709
76 76 128 146 394
395 86 418 124 c.
438 85 534 126 cour.
553 67 667 122 rietur

78 167 251 238 periculorum
260 203 267 225 ,
277 176 302 215 et
313 164 447 217 dedecoris
460 185 571 219 securos.
581 167 618 217 Eo
628 177 712 225 metu,
725 175 752 214 et
761 166 848 234 paucis
857 205 864 228 ,
878 184 945 234 quos
954 169 994 219 ad·

71 250 151 292 'uersa
166 260 216 291 non
230 252 406 302 mutaverant,
422 243 618 302 comitantibus,
635 241 754 290 cobortes
768 241 916 292 Ariminum
936 262 995 310 prae·

79 319 183 368 mittit:
197 317 263 365 alam
276 318 348 367 lueri
363 326 439 386 largo
454 317 542 377 iubet:
555 315 608 380 ipse
625 315 696 364 flexit
710 315 735 362 in
753 314 901 377 Umbriam,
919 330 994 383 atque

79 391 142 441 iude
161 391 305 452 Etruriam3
327 391 370 437 ubi
386 391 487 455 cognito
503 406 592 456 pugnae
614 390 793 438 Cremonensis
813 402 928 448 eventu,
947 410 997 441 non

80 467 211 530 ignavum,
223 475 257 520 et,
274 464 295 511 si
305 465 470 528 provenisset,
483 475 555 511 atrox
567 463 700 511 consilium
712 462 778 520 iniit,
788 475 817 511 ut
827 467 939 530 arreptis
950 483 997 515 na-

80 538 170 594 ribus,
183 541 209 586 in
217 552 401 603 quamcumque
412 549 509 602 partem
522 536 695 586 Narbonensis
707 537 843 602 provincie
855 555 991 604 egressus,

83 610 1001 676 Gallias,elexercitus‚etGermaniaegentes,novumqueb'ellumcieret.

116 685 197 736 XLII.
210 685 328 750 Digresso
345 682 470 744 Valente,
488 687 620 752 trepidos,
637 686 682 750 qui
693 683 838 734 Ariminum
856 681 1001 746 tenebant,

83 761 218 811 Cornelius
228 761 338 818 Fuscus,
349 757 454 808 admoto
465 761 594 819 exercitu,
606 773 630 809 et
642 759 726 808 missis
735 774 781 824 per
791 761 911 824 proxima
924 759 1001 808 litto·

82 851 143 886 rum
161 833 316 890 Liburnicis,
334 833 400 881 terrd
413 822 528 898 marique
544 834 722 883 circumvenit.
738 833 904 898 Occupantur
922 834 1000 898 plana

79 909 214 969 Umbriae,
230 920 256 957 et
273 907 322 972 qul
337 909 445 957 Picenus
459 926 518 974 ager
532 909 610 959 Adria
625 909 757 958 adluitur:
773 911 908 976 omnisque
929 909 1003 958 ltalia

85 983 154 1034 inter
164 982 349 1047 Vespasianum
358 998 387 1029 ac
399 982 533 1032 Vitellium
544 979 673 1044 Apennini
685 981 748 1046 iugis
763 979 1004 1047 dividebatur·.-Fa-
1038 1011 1039 1030 l

86 1058 146 1108 bius
156 1057 251 1111 Valens
257 1094 264 1116 ,
274 1057 352 1105 lesina
362 1057 469 1116 Pisano,
481 1057 587 1122 segnitia
596 1058 686 1116 maris,
697 1067 740 1104 aut
750 1054 899 1103 adversante
909 1068 1003 1120 vento,
1038 1051 1039 1072 ³

88 1130 197 1184 Portum
213 1131 332 1181 Herculis
344 1132 455 1179 Monoeci
471 1130 609 1195 depellitur
625 1148 630 1177 :
649 1129 716 1177 haud
732 1127 820 1194 procul
837 1128 897 1176 inde
912 1129 1006 1192 agebat

88 1204 189 1260 Marius
197 1203 324 1263 Maturus,
333 1205 438 1269 Alpium
445 1204 630 1252 maritimarum
642 1200 874 1268 procuratorffdus
882 1201 1005 1264 Vitellio,

90 1277 163 1344 cujus
176 1283 378 1336 sacramentum,
393 1280 491 1327 cunctis
506 1278 573 1326 circa
585 1275 734 1334 hostilibus,
745 1267 859 1323 noudum
874 1280 1006 1326 assuerat.

87 1356 114 1405 ts
128 1354 261 1402 Valentem
278 1354 385 1402 comiter
395 1366 543 1419 exceptum,
558 1369 572 1400 u
584 1367 616 1400 ne
630 1351 739 1399 Galliam
753 1348 952 1400 Narbonensem
966 1353 1006 1396 te·

87 1425 158 1476 mere
177 1426 351 1492 ingrederetur
363 1444 394 1485 u,
412 1427 542 1476 monendo
560 1425 670 1475 terruit:
687 1423 761 1470 simul
779 1431 925 1468 ceterorum
942 1418 1006 1468 fides

87 1511 159 1550 metu
173 1501 281 1550 infracta
295 1519 300 1550 τ
315 1515 425 1566 namque
438 1503 611 1562 circumiectas
628 1499 743 1548 ciuitates
762 1506 912 1563 procurator
924 1493 1008 1542 Vale-

88 1577 143 1623 rius
161 1573 306 1633 Paullinus,
326 1588 442 1623 strenuus
459 1573 571 1635 militia,
585 1582 610 1618 et
626 1571 781 1637 Vespasiano
799 1579 856 1617 aute
873 1565 1008 1616 fortunam

90 1649 204 1710 anricus,
218 1650 245 1696 in
257 1650 332 1697 verba
345 1650 398 1711 ejus
410 1648 536 1712 adegerat.
657 1693 668 1714 ι

127 1723 222 1772 ant.
233 1722 398 1785 concitisque
408 1721 538 1778 omnibus,
549 1720 591 1784 qui
603 1718 756 1768 exauctorati
767 1719 780 1766 ai
790 1718 896 1767 Vitellio
905 1717 1007 1766 bellum

90 1808 181 1865 sponte
190 1795 338 1857 sumebant,
350 1794 553 1856 Foroiuliensem
563 1793 704 1847 coloniam,
719 1791 830 1840 claustra
839 1793 929 1858 maris,
940 1809 1008 1857 prue-
1038 1785 1039 1790 ¹

90 1873 157 1923 sidio
173 1871 307 1929 tuebatur3
321 1869 352 1917 ed
368 1871 469 1932 gravior
483 1881 587 1928 auctor,
599 1865 669 1930 qudd
680 1867 799 1914 Paulliuo
813 1867 893 1930 patria
907 1867 1006 1914 Forum

87 1943 167 2005 Iulii,
181 1955 207 1991 et
223 1942 304 1988 honos
321 1941 389 2004 apud
405 1942 568 2005 praetorianos
580 1933 712 2003 ,quorum
734 1941 865 2004 quondam
883 1941 1006 1991 tribunus

89 2019 183 2072 luerat.
193 2017 295 2083 Ipsique
304 2019 395 2082 pagani
401 2017 506 2077 ,lavore
513 2017 676 2081 municipali,
687 2028 713 2064 et
722 2017 809 2065 lutura
818 2019 939 2082 potentiae
950 2035 1004 2084 spe,

86 2093 180 2160 jurare
187 2089 536 2158 partesaduitebantur.erae
543 2091 680 2156 ubiparatu
690 2089 769 2152 firma,
778 2102 802 2136 et
811 2100 883 2136 aucta
892 2105 1005 2150 rumore,
1038 2111 1039 2114 ¹

92 2164 162 2232 apud
178 2166 262 2212 varios
277 2163 476 2212 Vitellianorum
492 2161 781 2224 animos-increbudre3
798 2161 891 2210 Fabius
910 2164 1006 2212 Valens
1038 2167 1039 2170 ’

94 2258 155 2290 cum
171 2251 281 2304 quatuor
296 2241 512 2303 speculatoribus,
534 2248 559 2286 et
577 2238 659 2286 tribus
675 2237 777 2293 amicis,
792 2234 901 2282 totidem
914 2249 1007 2286 centu·
1038 2233 1039 2270 ἕ

92 2315 226 2372 sionibus,
240 2311 273 2360 ad
283 2328 360 2360 naves
369 2313 509 2378 regreditur
521 2330 527 2360 :
543 2311 659 2369 Maturo,
673 2311 811 2374 ceterisque
822 2325 968 2366 remanere,
981 2322 1005 2360 et

94 2391 122 2439 in
135 2388 211 2437 verba
221 2387 370 2452 Vespasiani
381 2386 448 2451 adigi
455 2385 599 2435 volentibus
610 2386 667 2434 luit.
676 2382 795 2434 Ceterum
805 2394 833 2430 ut
842 2399 912 2432 mare
922 2387 1003 2433 tutius

93 2461 214 2517 Valenti,
230 2458 304 2524 qulam
317 2459 418 2518 littora,
430 2471 474 2506 aut
484 2459 576 2524 urbes,
591 2459 625 2507 ita
637 2457 715 2505 futuri
725 2457 874 2520 ambiguus,
888 2469 913 2508 et
927 2459 1008 2521 magis

92 2535 155 2601 quid
167 2536 272 2593 vitaret,
282 2532 358 2598 qulam
371 2535 418 2599 uri
428 2533 536 2588 fideret,
552 2545 647 2591 certus,
660 2530 763 2588 adversi
778 2542 928 2594 tempestate
941 2533 1007 2580 Stoa·
1038 2551 1039 2576 i

94 2606 188 2655 chadas
199 2608 393 2656 Massiliensium
405 2607 504 2658 insulas
516 2605 631 2656 adlertur
642 2624 647 2654 ε
659 2606 695 2654 ibi
706 2621 765 2654 eum
776 2606 857 2654 missae
867 2603 1008 2654 'aPaultino

91 2679 234 2736 Liburnicae
245 2682 401 2748 oppressdre.
453 2709 457 2716 <

132 2757 229 2805 XLIV.
240 2759 321 2824 Capto
328 2758 436 2806 Valente
445 2791 452 2815 ,
461 2767 552 2804 cuncta
562 2755 593 2804 ad
604 2757 707 2810 victoris
718 2770 777 2822 opes
787 2767 908 2803 conversa
920 2791 925 2810 ‚
935 2755 1008 2803 initio

94 2848 142 2900 per
158 2833 310 2898 Hispaniam
327 2833 438 2898 aprima
456 2831 588 2893 Adiutrice
604 2833 703 2897 legione
721 2841 795 2886 orto,
813 2845 866 2893 qua
883 2829 1008 2878 memorial

94 2905 209 2955 Othonis
219 2943 226 2963 ‚
236 2908 332 2955 insensa
340 2908 460 2965 Vitellio,
472 2907 597 2955 decimam
606 2923 706 2972 quoque
718 2917 848 2954 assertam
860 2906 946 2953 traxit.
956 2905 1008 2954 Nec

95 2978 187 3030 Galliae
198 2982 393 3030 cunctabantur.
405 2983 437 3029 Et
445 2982 600 3030 Britanniam
610 3020 617 3040 ,
629 2983 737 3047 inclytus
749 2996 807 3044 erga
819 2977 1005 3043 Vespasianum

93 3051 168 3102 favor
178 3088 184 3111 ,
196 3053 264 3118 quod
276 3054 329 3102 illic
342 3053 457 3103 secundae
470 3054 563 3117 legioni
574 3053 587 3102 ὲ
601 3054 710 3102 Claudio
725 3052 886 3118 propositus,
898 3064 925 3100 et
938 3053 1006 3102 bello

77 3129 84 3141 '
97 3128 180 3176 clarus
191 3143 288 3194 egerat,
299 3146 350 3178 non
361 3130 413 3177 sinc
426 3141 497 3176 motu
512 3127 630 3189 adiunxit
642 3140 782 3177 ceterarum
792 3163 797 3184 ,
807 3118 837 3175 'iu
849 3125 943 3190 quibus
953 3129 1007 3192 ple·

20 3222 27 3226 ·
96 3201 170 3263 rique
185 3203 345 3251 centuriones
360 3218 389 3250 ac
401 3202 496 3250 milites
510 3199 524 3248 a
538 3201 642 3250 Vitellio
659 3201 791 3266 provecti,
809 3209 941 3264 expertum
958 3201 1005 3264 jam

95 3273 239 3340 principem
250 3277 467 3324 anxiimutabaut.
542 3273 545 3277 ’

105 3382 107 3385 a
127 3346 404 3415 xtuurracaaa,
416 3362 441 3423 a
450 3351 544 3406 craias
553 3351 615 3406 rou
626 3349 708 3426 errata
719 3331 1001 3417 incircuncisus,
