2100 3709
408 3 589 76 toarcensi
776 57 778 63 ·
901 28 949 81 501

29 123 116 172 ribus
135 120 343 187 impellerentur,
356 132 384 167 sc
397 120 461 186 supe
474 122 531 185 vagi
543 136 644 177 errrrus.
659 123 773 171 exterriti
783 124 835 172 sine
844 128 953 175 rectori·

33 197 91 243 bus
107 197 185 258 equi,
202 206 364 258 utquomque
380 195 489 241 lormrdo
503 197 611 253 tulerat,
624 206 794 258 transversos,
806 202 848 245 aut
862 198 953 247 obvios

19 302 22 307 -
31 269 221 318 incur-eobani.

72 339 219 389 xxxvii.
237 343 268 389 Et
279 341 409 405 Britanni,
419 344 461 405 qui
474 342 556 391 adbuc
566 358 654 411 pugna
666 354 778 406 expertes
791 360 886 393 summa
897 344 954 392 eol-

33 415 107 463 lium
122 414 268 463 insederant
276 452 282 466 ,
290 427 316 461 et
327 410 476 480 paucitatem
489 430 634 465 nostrorum
645 420 715 463 vacui
726 418 893 482 spernebant,
906 418 954 467 de-

35 488 116 551 gredi
135 486 259 553 parrlstim
270 524 275 541 ,
288 500 312 534 et
322 491 456 536 circumire
473 502 540 555 terga
552 491 705 537 vincentium
719 502 860 555 coeperant:
875 493 900 538 ui
913 490 954 537 id-

35 561 132 625 ipsum
146 561 243 609 veritus
257 560 382 623 Agricola,
392 574 500 625 quatuor
510 564 622 625 equiturn
633 564 696 615 elas.
709 562 741 609 sd
752 564 832 611 subita
843 562 902 611 belli
912 578 954 610 re-

35 644 148 692 tentes,
172 632 332 699 venientibus
351 636 526 697 opposuisset,
546 634 689 697 ‹prrantltque
710 634 817 684 ferocius
837 652 955 683 accurre·

36 717 118 763 rant,
135 706 208 756 tantis
218 706 299 754 soritis
309 706 396 769 pulsos
405 709 430 753 in
442 706 526 771 largam
539 707 685 769 disjecisset.
697 706 734 755 lte
747 708 881 755 eonsilium
895 710 952 757 Bri·
965 733 968 736 *
1008 768 1009 771 Ἰ

38 782 185 826 turinorum
195 780 421 843 inipsoarereum:
429 790 623 843 transvectaeque
633 792 756 847 pra-cepto
768 780 839 829 dtreis
848 781 862 829 'a
871 781 952 831 lroute

39 854 218 917 pugnantium
229 853 274 899 else
283 867 398 899 ererum
410 852 520 901 bostium
535 854 614 902 eciem
626 853 746 902 invasere.
756 844 823 902 Tu'ur
833 853 893 902 verb
908 870 954 919 pa-

40 926 162 974 tentibus
172 928 234 974 loois
243 924 335 990 grande
347 940 372 975 et
383 938 455 974 atrox
465 930 637 990 spectaculum
649 944 653 956 ·
666 928 747 990 sequi,
759 919 900 985 vulnerare,
911 942 954 973 cn-

42 1014 107 1063 pere
119 1036 125 1050 ,
139 1011 214 1063 etque
227 998 329 1048 eosdem
340 999 522 1058 ‚oblatireliis‚
538 1000 673 1047 trucidare.
683 1000 736 1048 Iam
748 999 856 1047 bostium
864 1034 870 1059 ‚
879 1009 959 1065 prout.

44 1073 144 1135 cuique
161 1072 288 1137 ingenium
309 1083 376 1124 erat,
400 1082 504 1118 esterrae
528 1086 682 1120 armatorum
707 1073 865 1137 paucioribus
886 1084 956 1135 terga

43 1154 181 1209 praestare,
197 1144 300 1207 quidem
313 1146 422 1192 inermes
433 1144 503 1191 ultro
516 1162 602 1205 ruere,
615 1161 643 1192 sc
656 1160 682 1193 se
693 1147 770 1193 morti
781 1144 884 1193 offerre.¹
893 1144 956 1191 Pas-

45 1217 98 1265 sim
109 1233 193 1274 erma,
210 1228 236 1263 et
245 1232 365 1281 corpore,
376 1228 403 1263 et
416 1215 493 1263 laseri
502 1226 587 1277 artus,
599 1222 626 1266 st
637 1229 738 1264 cruenta
748 1216 841 1265 liumus
852 1235 856 1263 :
871 1228 896 1263 et
907 1214 956 1263 ali-

45 1288 957 1365 quandoetiemvictisiravirtusque:postquamsilrisappropinquirqut,

47 1363 165 1421 collecti,
175 1364 271 1425 primos
282 1361 442 1425 sequentium
452 1361 566 1408 incautos
577 1372 602 1407 et
613 1361 726 1409 locorum
738 1363 837 1424 ignaros
847 1364 957 1411 circum·

47 1435 196 1484 veniebant.
207 1435 319 1497 Quddni
330 1434 445 1497 frequens
455 1432 549 1495 ubique
556 1432 673 1496 Agricola
682 1468 689 1489 ‚
697 1432 791 1481 validas
798 1444 823 1481 et
829 1435 957 1498 expeditas

48 1509 182 1565 cobortes,
194 1507 320 1571 indaginis
331 1507 423 1565 modo,
432 1518 459 1555 et
470 1504 552 1553 sicubi
563 1506 669 1553 arctiora
680 1510 765 1561 erint,
778 1518 874 1571 partem
885 1509 956 1571 equi-

48 1593 106 1633 tum
117 1579 242 1644 ,dimissis
252 1581 339 1645 equis,
349 1577 423 1645 simul
432 1580 539 1627 rariores
553 1579 627 1627 silves
638 1580 749 1642 equitem
758 1580 895 1645 persultare
902 1579 956 1643 jus-

48 1657 136 1713 sisset,
152 1665 282 1719 occeptum
296 1652 399 1717 sliqurid
412 1655 503 1702 mlnus
513 1668 559 1717 per
570 1654 674 1704 nimiam
688 1652 805 1701 fiduciam
817 1652 892 1703 soret.
904 1654 956 1701 Oe-

49 1728 136 1778 terirm
147 1728 192 1775 ubi
201 1730 355 1792 compositos
365 1727 444 1779 firmis
454 1726 585 1775 ordinibus
597 1726 665 1790 sequi
675 1742 761 1775 rursus
771 1725 867 1781 videre.
878 1726 903 1774 in
913 1724 955 1775 l'u'·

48 1818 110 1867 gam
122 1802 205 1857 versi,
216 1797 267 1848 non
280 1801 421 1865 agminibus
431 1812 460 1848 ut
471 1798 553 1865 priris,
562 1799 680 1847 nesolius
689 1800 767 1849 aliurn
776 1810 953 1866 respectantes,

49 1878 119 1934 reri,
130 1887 157 1924 et
167 1874 297 1923 vitabundi
305 1876 424 1934 invicem,
435 1874 572 1939 longinqua
583 1884 658 1936 atque
669 1874 725 1922 aria
734 1873 841 1939 petiere·
850 1874 978 1959 finissej

51 1950 146 2016 quendi
158 1968 208 1999 nox
223 1961 249 1998 et
258 1952 360 1999 satietas
368 1950 433 1997 luit:
446 1965 506 1997 oaesn
522 1950 631 1998 bostium
642 1950 673 1997 sd
684 1950 771 1998 decem
784 1950 862 1997 millis
875 1968 881 1999 r
892 1966 953 1998 nos·

49 2034 149 2074 trorum
160 2020 265 2071 trecenti
277 2022 438 2087 quadraginta
446 2022 573 2083 cecidere,
584 2026 609 2071 in
619 2024 676 2086 quis
686 2022 766 2072 Aulus
776 2022 875 2072 Atticus
886 2040 950 2089 prae·

49 2099 131 2150 fectus
140 2096 267 2157 cohortis,
283 2095 385 2157 iuvenili
401 2092 491 2142 erdere
505 2105 531 2140 et
542 2094 633 2142 lerooil
646 2097 702 2156 equi
712 2096 829 2143 'hostibus
838 2098 932 2147 illatus.

81 2169 232 2222 xxxvttt.
247 2169 280 2217 Et
291 2182 342 2215 nox
356 2165 458 2230 quidem
470 2164 562 2228 gaudio
576 2164 706 2229 prodique
724 2168 786 2220 laetu¹
795 2169 948 2219 victoribus:

48 2246 164 2298 Britanni
175 2244 302 2308 palantes,
316 2240 445 2304 mixtoque
457 2240 571 2287 virorum
581 2238 766 2301 mulierumque
775 2240 885 2303 ploratu,
896 2250 950 2289 tra-

51 2324 111 2372 here
126 2319 269 2376 rnlnerstos
280 2350 287 2374 ,
299 2331 389 2363 vocare
404 2317 529 2379 integros,
542 2312 656 2361 deserere
668 2313 756 2362 domos
767 2348 773 2368 ‚
785 2330 813 2360 ac
827 2328 871 2379 per
885 2316 948 2361 iram

51 2392 120 2444 ulttb
130 2388 261 2439 incendere
275 2412 279 2437 :
295 2388 388 2450 eligere
401 2388 521 2451 latebras,
540 2400 564 2433 et
581 2388 665 2433 statim
674 2379 833 2448 'relinqueret
845 2386 948 2433 miscere

51 2470 160 2521 invicem
170 2463 274 2512 consilis
283 2461 366 2523 aliqua
377 2460 452 2515 ‚dein
461 2476 589 2526 separare:
599 2459 733 2521 aliquando·
738 2459 818 2521 frangi
830 2458 948 2523 adspectu

51 2545 185 2611 pignorum
196 2546 317 2594 snorum,
329 2535 417 2599 saepius
429 2535 566 2581 concitari:
582 2534 689 2597 satisque
705 2531 835 2580 constabat
851 2532 950 2579 srerisse

53 2615 174 2683 quosdam
183 2614 214 2664 'in
228 2599 346 2675 conjuges
360 2624 389 2655 ac
401 2607 507 2665 liberos,
525 2604 643 2671 tanquam
658 2608 844 2655 misererentur.
857 2606 950 2653 Proxi-

53 2688 171 2741 muedies
180 2685 270 2749 faciem
282 2683 390 2731 victoriae
401 2678 477 2729 latiirs
487 2682 586 2748 aperuit
594 2699 599 2727 τ
608 2692 705 2728 vastum
713 2677 950 2742 ubiquesilentium,

54 2762 142 2815 secreti
150 2760 236 2814 colles,
244 2758 364 2805 firmantis
373 2756 461 2821 procul
473 2758 549 2817 tectis,
558 2771 633 2803 nemo
640 2754 949 2819 exploratoribusobriuse

55 2839 143 2903 quibus
154 2838 180 2883 in
189 2835 290 2881 omn'em
301 2842 400 2896 partem
412 2830 538 2890 dimissis,
549 2822 591 2877 ubi
601 2832 694 2877 incerta
705 2828 765 2891 luga
776 2827 892 2890 vestigia,
902 2845 952 2877 ne·

54 2926 102 2975 que
112 2920 216 2971 usquam
228 2906 374 2970 conglobari
385 2904 469 2953 hostes
477 2915 652 2969 compertum,
667 2913 693 2949 et
706 2900 792 2949 exacti
804 2902 853 2963 iarn
867 2912 951 2951 aestate

56 2983 136 3049 spargi
145 2982 240 3040 bellurn
249 2972 385 3043 nequibat,
403 2980 427 3027 in
439 2978 501 3026 lines
509 2978 682 3047 Borestorum³
691 2977 826 3025 exereitum
839 2976 951 3023 deducit.

55 3058 94 3108 lbi
104 3055 212 3121 acceptis
222 3052 350 3101 obsidibus
360 3089 367 3109 ,
378 3051 495 3117 prael'ecto
508 3042 764 3117 classidoircumvehr
774 3046 951 3115 Britannique

58 3132 187 3200 precepit:
202 3128 264 3177 datae
274 3126 306 3173 sd
318 3127 344 3173 id
359 3129 424 3174 vires
435 3162 441 3182 ‚
453 3137 479 3172 et
493 3136 651 3190 processerat
663 3136 759 3171 terror:
774 3122 825 3182 ipse
840 3118 951 3181 peditem

59 3220 129 3270 etque
137 3204 306 3271 equiteslento
317 3203 416 3258 itinere,
427 3216 478 3263 quo
488 3215 610 3247 novarum
619 3198 731 3257 gentium
738 3192 813 3240 animi
821 3192 874 3253 ipsi
883 3206 953 3239 tran-

59 3281 119 3334 suits
131 3278 202 3331 mori
213 3285 380 3341 terrerentur,
396 3276 422 3322 ln
438 3272 550 3322 bibernis
563 3270 665 3321 locarit·
678 3266 711 3318 Et
728 3263 953 3313 simulclassisse-
