2100 3709
330 70 504 145 ssax'sxnrs
517 100 584 144 ιιιι.
601 106 648 145 ιιι.
905 105 939 169 9¹

40 192 113 250 atque
125 184 229 253 imperii
240 186 350 237 Romani
362 204 415 237 esse
423 206 438 236 ιι
448 206 454 237 :
466 188 503 237 its
513 187 611 237 donum
619 186 687 255 apud
696 187 801 241 Antium
810 192 941 247 statuitur·

38 256 68 309 Et
76 258 182 323 quando
193 260 224 309 de
232 260 399 325 religionibus
412 260 574 319 tractabatur,
584 260 694 311 dilatum
702 277 942 331 nuperresporssnsn

35 332 159 381 adversus
178 333 293 389 Serrium
311 332 527 397 Maluginensem,
540 335 668 384 flaminem
684 334 801 394 Dialem,
815 343 943 405 prompsit
1015 341 1019 347 ’

37 406 140 470 Csessr3
157 406 323 470 recitavitque
341 404 470 455 decretum
486 407 651 478 pontitianus:
665 408 805 473 «quotiens
822 412 941 463 valetudo

35 478 143 529 adversa
155 480 285 531 flaminem
297 478 394 529 Dialem
411 480 568 537 incessisset.
582 493 611 529 ut
620 517 626 539 ,
636 483 763 547 pontificis
776 486 882 533 maximi
897 501 945 535 ιιι·

35 552 129 618 bitrio,
142 554 279 621 plusquam
290 555 432 605 binoctium
444 555 558 605 abesset:
572 554 632 603 dum
644 570 676 605 ne
689 556 777 607 diebus
791 558 888 624 publici
897 577 942 610 saa

35 628 139 688 elficit,
153 645 205 677 neu
220 629 309 693 saepias
322 626 397 693 qulm
411 629 452 677 bis
464 628 583 677 eumdem
597 629 623 677 in
634 623 760 681 annumri.
778 634 854 697 Quae,
867 635 942 699 prin·

33 701 90 767 cipe
101 701 221 767 Augusto
236 702 390 762 constituta,
401 703 462 750 satis
474 702 656 767 ostendebant,
666 721 774 755 annuam
783 706 940 773 absentiam,

32 786 57 823 et
66 774 260 839 provinciarum
270 774 519 823 administrationem
527 776 642 825 Dialibus
650 794 702 827 non
713 778 817 828 concedi
827 798 834 829 ι
844 796 944 830 memo-

31 846 190 911 rabaturque
197 848 226 897 L.
237 847 349 904 Metelli,
360 846 487 913 pentificis
496 851 612 909 maximi,
621 853 770 917 exemplum
778 888 786 911 ,
793 855 942 917 quiAulusn

32 920 213 978 Postumium,
228 920 374 978 flaminem,
391 920 544 974 attinuisset.
559 920 596 970 lta
611 939 666 973 sors
681 924 747 973 ssia
762 926 788 975 in
806 942 880 989 eum,
895 931 943 997 qui

31 994 205 1042 consularium
216 992 383 1057 Maluginensi
394 994 525 1057 proximus
536 1006 604 1051 erat.
617 996 720 1049 collata.

62 1062 180 1114 LXXII.
192 1063 284 1113 lisdem
296 1064 386 1113 diebus
396 1065 508 1131 Lepidus
519 1068 551 1115 ab
563 1082 653 1117 senatu
665 1070 770 1134 petivit,
782 1086 832 1123 cut
849 1077 940 1129 basili.

30 1152 85 1185 cam
93 1137 187 1195 Pauli,
204 1136 305 1187 AEmilia
314 1150 495 1197 monumenta,
505 1142 608 1205 propsid
619 1140 725 1205 pecuali
742 1143 853 1197 llumaret
863 1165 940 1200 orna-

30 1220 119 1273 retque
128 1222 145 1255 n
156 1225 163 1257 a
175 1219 227 1257 erat
235 1209 313 1257 etiam
326 1220 380 1257 tum
396 1212 421 1256 in
433 1225 501 1259 more
513 1211 615 1275 publica
628 1213 814 1267 munificentia:
827 1237 874 1269 nec
883 1222 941 1271 Aa·

32 1284 120 1339 gustus
133 1285 250 1322 arcuerat
258 1272 388 1332 Taurum,
398 1272 543 1341 Philippum
553 1313 561 1339 ‚
570 1278 690 1336 Balbum,
705 1277 809 1332 hostiles
820 1290 940 1347 esurias,

32 1360 75 1397 aut
86 1346 243 1397 exundantis
255 1363 332 1414 opes,
356 1360 475 1397 ornatum
494 1348 528 1395 ad
547 1348 634 1408 urbss,
650 1360 676 1398 et
686 1355 815 1416 porterum
832 1360 941 1423 glortm

33 1419 165 1470 conferre:
180 1436 234 1483 quo
246 1432 303 1469 tum
314 1420 431 1483 exemplo
439 1419 551 1482 Lepidm
560 1455 567 1475 ,
575 1437 719 1483 quanquam
732 1430 842 1489 pecunias
852 1432 941 1482 modi-

32 1510 91 1557 cus,
103 1494 203 1543 avitum
217 1486 295 1539 decus
309 1490 427 1539 recoluit·
438 1490 474 1541 Aa
487 1494 610 1561 Pompeii
621 1498 762 1561 theatrum,
770 1500 824 1561 igne
837 1500 941 1557 lortuitn

33 1565 166 1621 bmnium,
180 1564 264 1613 Caesar
277 1570 475 1615 exstructurum
489 1562 617 1628 pollicitus
628 1574 685 1622 est,
698 1568 748 1617 neb
759 1572 828 1635 qubd
841 1576 941 1630 nemci

33 1639 130 1691 familis
137 1632 303 1686 restaurando
311 1634 447 1703 sufficeret3
457 1646 576 1685 manente
586 1647 671 1686 tamen
678 1641 781 1691 nomine
788 1643 940 1713 Pompeiis„

33 1714 110 1763 simul
123 1709 241 1759 laudibus
251 1709 370 1773 Seianum
386 1712 495 1772 extulit,
508 1722 649 1777 «tanquam
663 1713 749 1765 labore
760 1718 940 1790 vigilantirlqus

32 1789 85 1855 ejus
97 1800 170 1838 tanta
184 1786 220 1835 ris
229 1802 307 1835 unum
316 1785 379 1835 intra
388 1785 508 1837 damnum
522 1789 641 1838 stetisset.
651 1806 666 1837 ι)
679 1792 712 1839 Et
724 1796 842 1845 censuere
854 1800 939 1863 patras

35 1862 166 1927 «effigiem
179 1858 284 1921 Seiano,
299 1876 352 1925 qua
363 1861 430 1927 apud
443 1860 570 1910 theatrum
582 1863 695 1927 Pompeii
709 1865 876 1919 locaretura:
890 1890 939 1924 na-

36 1954 82 2001 que
94 1932 177 1983 multd
186 1944 242 1997 post
252 1933 339 1995 Caesar,
346 1952 425 1999 quum
438 1936 542 1983 lanium
552 1932 656 1983 Blessrm
664 1943 840 2001 proconsulem
849 1942 940 1995 Atria.

34 2005 159 2072 triumphi
170 2004 308 2068 insignibus
322 2006 449 2057 attolleret
460 2042 467 2064 ,
482 2007 549 2059 dare
562 1998 633 2060 idae
644 2009 710 2062 dixit
721 2014 819 2067 honori
830 2016 940 2087 Sejom',

35 2082 105 2145 cujus
115 2078 158 2127 ille
168 2078 308 2126 avunculus
319 2090 382 2127 erat.
888 2107 894 2119 .

66 2149 189 2201 Lxxtn.
207 2147 244 2199 Ac
265 2160 349 2198 tamen
365 2166 405 2198 res
424 2150 495 2204 Blaesi
511 2152 591 2217 digne
604 2153 693 2207 decore
713 2159 758 2207 tali
775 2158 863 2211 luere:
877 2178 938 2213 narn

35 2224 197 2283 Tacfarinas,
217 2238 360 2289 quanquam
380 2222 469 2291 sapitis
490 2224 626 2289 depulsus,
647 2235 768 2295 reparatis
787 2250 832 2299 per
849 2236 939 2284 intima

38 2298 124 2368 Altina
137 2295 253 2357 auxiliis,
264 2294 312 2343 lruc
324 2294 475 2361 adrogantiae
488 2309 606 2361 venerat,
619 2307 649 2349 ut
659 2302 752 2367 legatos
761 2305 794 2353 ad
805 2306 939 2357 Tiberium

39 2374 162 2425 mitteret,
172 2370 310 2439 sedemque
325 2368 394 2418 ultro
411 2372 464 2422 sibi
482 2380 565 2440 atque
580 2378 711 2430 exercitui
721 2396 769 2429 suo
784 2381 942 2443 postularet,

38 2457 79 2494 sut
92 2442 193 2495 beilum
206 2440 399 2505 inexplicabile
417 2443 585 2489 minitaretur.
597 2442 657 2490 Non
671 2446 730 2493 ali'ss
742 2451 821 2511 magis
834 2452 878 2497 sud
892 2468 940 2515 po-

39 2518 140 2583 pulique
155 2514 264 2562 Romani
283 2512 437 2561 consumetis
454 2510 593 2559 indoluisse
612 2514 733 2563 emnem
749 2517 845 2581 lerunt,
864 2522 940 2587 quim

39 2588 124 2653 oqubd
141 2586 255 2636 desertor
274 2598 300 2634 et
315 2584 415 2651 predo,
437 2582 552 2633 hostium
571 2598 644 2634 more
661 2600 760 2652 ageret:
778 2607 810 2639 ne
821 2592 940 2659 Spartaco

38 2660 153 2727 quidem,
165 2669 224 2727 post
233 2668 271 2706 tot
281 2658 451 2707 consularium
463 2659 617 2706 exercituum
627 2658 710 2709 clades
719 2662 825 2713 inultam
837 2666 939 2719 ltaliam

38 2734 116 2784 urenti
126 2768 133 2790 ,
144 2747 287 2797 quanquam
300 2731 406 2781 Sertorii
413 2744 488 2796 atque
498 2728 653 2781 Mithridatis
663 2732 806 2801 ingentibus
816 2738 890 2790 bellis
899 2742 938 2792 la.

37 2808 105 2859 baret
117 2807 269 2873 respublica,
282 2805 384 2865 datum,
393 2818 423 2856 ut
434 2818 508 2872 pacto
520 2808 546 2855 in
557 2806 633 2856 fidem
648 2813 815 2877 acciperetur:
827 2816 935 2879 nedum,

38 2884 204 2953 pulcherrimo
224 2883 313 2949 populi
326 2884 434 2931 Romani
449 2882 569 2949 fastigio,
585 2884 650 2933 latro
664 2885 825 2955 Tacfarinas,
838 2909 899 2960 pace
911 2906 938 2953 et

38 2959 198 3009 concessione
209 2973 325 3023 agrorum
335 2956 535 3011 redimeretura.
544 2960 594 3007 Dat
604 2960 733 3025 negotium
744 2964 820 3014 bleso
829 3004 835 3022 ‚
850 2980 940 3017 acete.

39 3050 77 3083 ros
88 3032 192 3099 quidem
209 3031 241 3079 ad
260 3047 330 3097 spem
343 3033 478 3099 proliceret
490 3050 559 3081 arma
570 3036 624 3084 sine
636 3035 701 3085 noxi
716 3038 844 3107 ponendi5
861 3041 940 3106 ipsius

41 3120 118 3157 autem
130 3105 204 3155 ducis
214 3121 316 3173 quoquo
329 3106 405 3155 modo
417 3108 554 3173 potiretur.

66 3180 188 3232 LXXIV.
207 3179 241 3227 Et
258 3159 351 3245 recepii
364 3180 392 3227 ed
407 3178 479 3229 venii
499 3181 634 3245 plerique:
653 3197 713 3231 mox
725 3182 859 3233 aduersum
874 3194 940 3232 artes

41 3252 201 3305 Tacfarinatis
209 3252 279 3301 hsud
290 3253 408 3303 dissimili
419 3254 496 3303 niodo
504 3254 690 3319 belligeratum.
700 3255 767 3305 Nam
775 3257 835 3319 quia
846 3254 887 3303 ills
897 3272 942 3304 ro·

43 3332 97 3387 bore
108 3329 234 3387 exercitis
245 3330 341 3401 impar,
353 3330 455 3386 iurandi
466 3331 574 3394 melior,
584 3331 683 3399 plures,
699 3346 745 3397 per
753 3330 842 3395 globos
852 3330 941 3390 iuerat·¹
