2100 3709
312 68 552 108 tstsnonttnuut
572 69 641 109 nru.
658 71 712 108 rrr.
914 49 965 126 597
1026 94 1038 108 c

48 144 143 211 tibus,
159 148 323 218 legionariam
342 150 460 221 militiam
473 151 652 217 poscentibus,
673 146 784 217 optimus
795 146 900 216 quisque
918 148 967 198 ad·

51 227 134 275 sciti:
143 225 248 274 classem
257 225 379 276 Dalmatae
388 226 547 293 supplevere.
557 227 688 276 Exercitus
695 215 821 291 ducetque
830 225 862 275 ad
868 227 967 275 Fanum

49 297 168 351 fortune
176 299 224 347 iter
235 299 342 357 sistunt,
353 299 384 348 de
395 299 494 350 summl
505 315 591 349 rerum
603 309 749 350 cunctantes
760 335 766 356 ‚
778 299 848 364 qudd
860 309 963 349 emotas

52 388 90 422 ex
100 372 166 421 urbe
178 373 309 440 pretoriae
318 372 454 423 cohortes»
464 372 609 430 audierunt.
622 386 648 422 et
657 373 738 422 teneri
747 371 868 439 presidiis
878 371 966 439 Apen-

52 446 152 494 ninum
162 445 299 496 rebantur:
311 457 344 495 et
357 447 440 512 ipsos,
455 447 481 494 in
495 447 597 511 regione
606 446 675 495 bsllo
687 445 784 502 attriti,
798 445 882 512 iuopia
893 455 919 495 ct
928 460 969 494 se-

52 517 159 568 ditiosas
168 519 281 570 militum
291 535 366 570 voces
376 521 505 570 terrebant
515 557 522 577 ‚
534 519 719 570 nClavariumu
732 520 863 590 qdonatiri
875 536 968 568 nomen

54 592 115 658 est)
135 594 323 659 flagitantium:
338 611 385 644 nec
396 595 544 661 pecuniam,
558 607 601 644 sut
614 595 771 646 trumentum
786 593 967 663 providerant:

55 677 87 716 et
100 665 231 721 festinatio
240 677 316 731 atque
324 667 432 723 ariditas
440 665 640 735 praepediebant,
652 666 713 718 dum
720 705 727 732 ,
741 685 795 734 que
805 667 885 734 accipi
894 678 970 736 pote-

56 750 120 789 raut
127 776 135 803 ,
147 740 290 806 rapiuntur.

92 813 136 868 Ill.
151 813 337 864 Celeberrimos
348 825 464 863 auctores
478 812 577 878 habeo,
592 825 689 866 tantam
701 815 840 868 victoribus
851 815 971 867 adierant
1012 849 1016 856 ·

60 885 102 938 fat
110 886 231 952 nelssque
242 888 437 938 irreverentiam
447 886 525 938 luisse
535 925 543 954 ‚
555 899 584 938 ut
595 891 722 956 gregarius
732 907 820 956 eques,
835 891 946 942 occisum
956 889 971 939 l

57 977 88 1012 sc
99 962 215 1028 proximl
226 963 281 1012 acie
289 963 392 1013 fratrem
406 961 534 1029 professus
545 998 551 1020 ‚
563 963 695 1028 praemium
712 963 726 1015 d
741 965 848 1017 ducibus
859 966 970 1030 perieris.

58 1036 117 1087 Nec
126 1035 232 1086 illiserit
241 1034 366 1084 bonumne
376 1049 433 1082 eam
442 1034 535 1083 cadem
545 1035 584 1100 jus
592 1035 740 1097 homiuum,
751 1029 894 1088 aut'ulcirci
905 1039 970 1086 ratio

58 1109 125 1160 balli
133 1107 309 1176 permittebat
318 1109 491 1168 Diatulerant,
509 1119 630 1172 tauquam
640 1109 734 1174 majora
748 1113 882 1169 metitum,
893 1107 970 1175 quim
984 1152 986 1157 .

59 1199 117 1249 quae
128 1184 212 1233 statim
223 1183 416 1231 exsolverentur
425 1180 636 1245 :necquidquam
646 1183 713 1232 ultrl
724 1185 841 1234 traditur.
851 1183 972 1234 Ceterrlm

57 1268 89 1311 et
99 1257 229 1324 prioribus
240 1257 335 1305 uirium
350 1254 426 1304 bellis
435 1269 482 1320 par
493 1255 575 1302 scelus
588 1255 724 1305 inciderat:
740 1275 799 1308 narn
811 1259 908 1324 prelio.
919 1273 971 1323 quo

56 1329 130 1396 apud
145 1327 290 1379 Ianiculum
305 1327 439 1376 adversum
451 1329 560 1376 Cinnam
577 1339 716 1393 pugnaturn
728 1343 779 1394 cst,
798 1331 969 1396 Pompeianus

59 1401 139 1453 rirttsr
150 1400 256 1454 lustrem
269 1417 358 1459 auum,
369 1400 443 1456 dein,
455 1401 559 1466 cognito
572 1401 693 1459 iaciunt-e,
707 1404 817 1472 sciptum
828 1402 955 1454 interfecit
962 1439 971 1462 ,

60 1487 94 1525 ut
103 1477 207 1526 Sisenna
219 1477 360 1526 memorat:
372 1473 445 1542 tantd
454 1475 536 1524 acuon
547 1475 616 1542 apud
623 1476 745 1540 majores,
756 1480 823 1528 sicut
832 1477 972 1538 *ruribus

64 1549 162 1614 gloria,
177 1549 212 1597 ita
227 1549 330 1615 flagitiis
342 1548 491 1614 poenitentia
510 1547 567 1598 luit.
585 1549 632 1598 Sed
648 1549 701 1600 huc
719 1552 832 1617 aliaque,
844 1569 874 1603 ex
891 1552 970 1600 veteri

63 1622 191 1673 memorii
199 1624 292 1690 petita,
303 1623 422 1686 quotiens
430 1639 471 1671 res
482 1623 603 1688 locusque
613 1626 729 1693 exempla
739 1626 816 1687 recti,
828 1638 872 1676 aut
882 1625 971 1674 solatia

62 1697 128 1748 mali
134 1709 237 1764 poscet,
249 1695 317 1760 haud
327 1695 436 1746 absurde
447 1695 657 1749 memorabimus.

95 1767 459 1835 L11.tnroni0‚duciburque
474 1769 603 1836 partium,
621 1770 763 1836 npraemitti
773 1771 887 1836 equites,
904 1785 964 1820 orn-

61 1861 174 1909 nemque
184 1844 319 1894 Umbriam
332 1842 481 1911 explorari»
492 1845 606 1911 placuit,
618 1847 639 1892 si
650 1844 698 1908 qud
710 1843 839 1912 Apennini
852 1848 907 1910 juga
916 1845 970 1893 cle-

61 1918 177 1969 mentina
188 1917 318 1968 adirentur
329 1935 335 1966 :
354 1919 431 1967 acciri
442 1919 539 1982 aquilas
547 1919 667 1985 signaque
677 1954 684 1979 ,
694 1930 719 1968 et
728 1918 852 1984 quidquid
863 1919 971 1971 Veronae

62 1995 176 2046 militum
185 1991 250 2041 forst
259 2010 264 2040 ι
273 1990 420 2053 Padumque
428 2003 531 2038 etmare
538 1992 720 2042 commeatibus
727 1995 851 2060 compleri
859 2011 882 2042 u.
893 1995 973 2043 Erant

64 2069 133 2117 iuter
142 2064 220 2113 duees
227 2100 235 2125 ,
248 2065 293 2128 qui
301 2072 432 2111 necterent
444 2077 529 2109 moras
540 2077 545 2107 ε
559 2063 652 2126 quippe
661 2065 757 2112 nimius
767 2065 818 2127 jam
830 2063 973 2125 Antonius,

62 2151 92 2190 et
102 2141 208 2190 certiora
219 2155 250 2188 ex
261 2135 381 2186 Muciano
392 2134 572 2200 sperabantur.
585 2134 700 2199 Namque
710 2134 859 2201 Mucianus,
869 2149 921 2186 tam
931 2154 973 2187 cc·

60 2215 112 2264 leri
124 2213 230 2263 victorii
242 2210 344 2270 anxius,
355 2219 396 2270 ct,
412 2208 439 2255 ni
456 2221 563 2272 praesens
575 2208 636 2257 urbe
648 2208 786 2274 potiretur,
799 2222 928 2275 expertem
944 2225 972 2260 ‚te

62 2289 126 2341 belli
141 2289 273 2354 gloriaque
288 2297 371 2344 ratus,
384 2281 417 2332 ad
433 2283 549 2332 Primum
560 2293 586 2330 ct
598 2281 696 2333 Varum
706 2282 789 2332 media
800 2283 974 2350 scriptitabat,

66 2363 233 2413 ninstaudum
247 2361 366 2425 coeptiso,
383 2367 428 2405 aut
441 2368 529 2406 rursus
550 2355 704 2406 tcunctandi
722 2357 864 2405 utilitatesu
879 2356 974 2406 edisse·

63 2454 136 2497 rens,
152 2425 226 2501 a'tque
242 2431 459 2498 incompositus,
473 2440 502 2478 ut
517 2447 547 2479 ea
557 2441 648 2480 eventu
660 2446 747 2478 rerum
761 2428 864 2480 adversa
877 2429 973 2480 abnue-

62 2524 119 2571 ret,
136 2512 177 2562 rel
192 2526 312 2577 prospera
323 2517 480 2572 agnosceret.
491 2505 606 2554 Plotium
618 2503 761 2570 Griphutn‚
770 2521 851 2570 nuper
861 2505 892 2553 ab
902 2505 973 2556 Vet-

63 2590 168 2656 pasiano
177 2587 203 2635 in
212 2585 368 2634 aenatorium
377 2580 495 2629 ordinem
504 2578 621 2630 additum
632 2615 637 2626 .
651 2595 679 2628 ac
688 2579 783 2646 legioni
792 2579 955 2646 prepositum
964 2615 971 2646 ,

64 2676 210 2726 ceterosque
223 2658 271 2708 sibi
285 2657 366 2719 fidos,
377 2652 609 2721 apertiuamonuit.
622 2653 693 2718 lique
706 2669 807 2711 omnes,
820 2652 852 2702 de
867 2651 974 2702 festina·

65 2741 136 2790 tione
149 2733 228 2785 Primi
245 2750 274 2782 ac
292 2731 356 2783 Vari
373 2727 488 2784 sinistre.
506 2741 534 2776 et
552 2725 670 2776 Muciano
687 2726 801 2778 uolentia
814 2727 974 2795 rescriprdre.

64 2813 165 2878 Quibus
181 2800 293 2876 epistolia
307 2804 466 2870 Vespasiano
484 2803 585 2866 missis,
602 2801 730 2867 effecerat,
750 2814 779 2852 ut
796 2819 848 2853 non
863 2819 911 2870 pro
930 2819 974 2871 spe

64 2886 185 2943 Antonii,
199 2881 304 2932 consiliu
315 2877 430 2943 iactaque
441 2876 494 2940 ejus
506 2876 703 2927 ertinrarenrur.

10 2948 11 2953 ¹
98 2958 165 3010 Llll.
182 2955 258 3024 AEgre
273 2954 300 3003 id
313 2955 367 3021 pati
378 2953 521 3008 Antonius,
544 2960 569 2999 et
586 2949 686 3016 culpam
704 2950 729 2998 in
745 2951 892 3001 Mucianum
912 2966 977 3001 cou-

65 3035 152 3093 terre,
170 3033 242 3097 cujus
257 3029 477 3080 criminationibus
492 3023 643 3074 eviluitsent
657 3021 769 3091 pericula
786 3041 829 3073 sua
841 3041 848 3073 z
860 3038 907 3072 nec
918 3039 976 3098 aer·

67 3108 187 3162 monibus
204 3105 376 3170 temperabat,
387 3099 541 3150 immodicus
558 3096 661 3162 lingui,
676 3109 702 3146 et
717 3097 831 3161 obsequii
848 3096 974 3146 insolens:

66 3187 164 3236 litterae
175 3181 208 3230 ad
215 3180 404 3247 Vespasidnum
418 3175 574 3242 composuit,
591 3170 725 3236 jactantiirs
742 3169 817 3236 quim
834 3169 867 3218 ad
877 3171 976 3234 priuci-

67 3273 128 3326 pem
137 3293 143 3314 ,
152 3270 199 3303 uec
207 3254 262 3302 siue
270 3250 370 3302 occurit
380 3251 405 3298 iu
414 3243 564 3297 Mucianum
573 3247 752 3294 insectatione:
763 3243 812 3292 nSe
820 3243 977 3314 Pannonicas
1011 3281 1014 3286 .

66 3333 178 3402 legiones
189 3330 216 3383 in
226 3345 295 3381 arma
307 3327 386 3394 egisse
398 3342 404 3377 :
418 3323 471 3375 suis
484 3321 596 3374 stimulis
607 3321 704 3373 excitos
717 3319 811 3370 Moesia
826 3315 917 3368 duces:
930 3317 978 3390 ann
