2100 3709
90 58 94 63 ’
147 59 197 114 450
226 86 230 89 -
466 71 491 110 e.
509 67 604 109 ιοιιιι.
623 66 741 110 rtem

146 153 305 227 transgressi,
315 167 373 202 errm
380 164 480 218 quoque
488 154 655 236 proturbant·
669 163 792 236 tanquam
801 145 903 202 Neroni
917 141 1029 206 Scribat

142 228 236 282 {ratres
247 225 382 276 concordii
394 227 555 292 opibusque'
549 227 672 289 resignes,
687 225 720 273 ad
732 225 838 280 esitium
855 228 1020 277 monstraris

146 301 280 352 Africanus
297 315 378 364 neque
392 299 465 348 lateri
476 297 598 358 audebat,
615 315 697 362 neqrre
713 299 823 346 abnuere
836 311 967 362 poterat:
982 302 1006 347 ἰιι

145 377 217 426 birrm
236 375 366 440 Crispum,
384 372 456 436 eujus
475 371 714 437 interrogationibus
731 371 902 435 fatigabatur,
918 373 996 422 ultrb

145 463 245 506 versus,
258 446 387 507 miscendo
399 461 453 510 quar
465 441 601 502 defendere
613 445 749 510 nequibat,
764 444 887 494 societate
903 447 1022 514 culpaeirr

146 523 215 573 diam
233 522 378 571 declinavit.

178 597 265 648 XLII.
283 596 401 666 Magnam
413 609 445 644 eo
456 592 498 642 die
509 590 615 658 pietatis
627 551 826 658 eloquentiaeque
841 587 944 644 famam
960 594 1009 659 Vip

146 688 195 722 nrrs
206 669 322 720 Messalla
340 668 447 734 adeptus
465 678 517 725 est,
534 664 649 714 nondum
668 667 794 715 senatorii
809 679 897 724 aetate,
918 685 1000 716 ausus

64 803 69 807 ¹
143 744 220 795 fratre
230 741 332 807 Aquilio
343 741 442 806 Regulo
452 739 590 805 deprecari
601 737 729 804 Regulum
740 739 859 790 subversa
871 743 1021 790 Crassorum

147 817 249 883 Orphiti
264 815 396 863 demusin
412 829 542 862 ιιιιιιιιιιιιιι
556 811 647 861 odium
662 811 796 862 extulerat.
810 813 907 880 Sponte
927 814 974 880 (ex
984 816 1006 863 S.

145 890 330 941 accusationem
341 887 447 937 subiisse
456 887 554 952 juranis
565 884 715 944 admodum,
727 902 773 935 nee
782 885 933 952 depellendi
944 890 1010 954 peric

145 964 211 1015 sed
206 980 230 1011 ιιι
245 978 315 1028 spem
332 963 452 1028 potentiae
469 959 614 1010 videbatur.
627 959 661 1008 Et
671 959 781 1026 Sulpicia
794 961 967 1024 Praetextata,
982 963 1007 1010 Cr

144 1052 210 1086 uxor
217 1048 393 1100 ,quatuorque
405 1034 520 1093 liberi,
500 1051 522 1082 sr
531 1044 696 1101 cognosceret
706 1045 822 1096 senatus,
832 1035 933 1086 ultores
947 1035 1004 1084 ader

129 1256 250 1310 ,Curtius
270 1256 423 1314 Montanus,
447 1253 477 1302 eb
500 1271 580 1320 usque
600 1269 761 1320 progressus,
784 1267 829 1312 ut,
851 1267 946 1321 etpost
968 1255 1012 1304 cad

146 1327 233 1380 Galbee
241 1363 248 1386 ,
266 1326 352 1376 datam
370 1323 529 1377 interfectori
545 1326 644 1376 Pisonis
658 1304 792 1393 pendulam
802 1326 816 1376 ‘a
826 1329 946 1394 Regulo,
960 1327 1004 1394 adp
1021 1327 1024 1336 ’

146 1413 253 1466 tumque
264 1417 351 1450 morsu
364 1401 465 1450 Pisonis
474 1411 573 1466 eaprrtrr
587 1399 736 1465 objectaret.
752 1401 831 1450 «Itos
844 1401 913 1450 certb
921 1419 950 1460 ιι,
965 1403 1005 1464 inq
1017 1400 1021 1410 '

148 1492 164 1523 ιι
172 1474 242 1524 Nero
253 1490 303 1522 non
313 1474 409 1539 coegit,
418 1489 465 1522 nee
477 1472 628 1557 dignitatem
639 1509 644 1526 ,
656 1485 700 1521 aut
711 1465 818 1522 salutem
827 1473 870 1522 illl
879 1474 977 1524 saevitis
986 1491 1007 1522 re

147 1549 227 1600 misti.
244 1546 308 1594 Saule
324 1546 483 1596 toleremus
477 1557 585 1594 rstorum
603 1543 773 1605 defensiones,
793 1546 836 1610 qui
852 1545 961 1612 perdere
980 1549 1027 1595 alios

148 1621 225 1687 qulam
245 1620 406 1686 periclitari*
398 1622 447 1686 rpsi
466 1615 619 1668 maluerunt.
638 1619 675 1669 Te
695 1625 813 1669 securum
830 1621 969 1683 reliquerat
986 1636 1020 1670 ers

148 1707 236 1763 pater,
251 1707 276 1744 et
292 1695 393 1743 divisa
386 1706 452 1744 mter
464 1686 603 1744 creditores
616 1693 698 1757 bone,
711 1694 828 1746 noudum
841 1693 968 1746 bonorum
978 1712 1017 1761 cap

149 1781 226 1818 etas:
240 1766 305 1816 nrbrl
316 1766 385 1832 quod
396 1784 428 1817 ex
438 1779 462 1816 te
474 1769 664 1836 concupisceret
680 1765 764 1826 Nero,
776 1767 841 1817 nihil
855 1767 925 1832 quod
939 1771 1029 1824 timeret,

148 1842 254 1892 libidine
270 1843 413 1906 sanguinis,
428 1853 454 1891 et
470 1841 542 1891 biatu
558 1843 734 1906 praemiorum,
753 1843 867 1906 ignotum
884 1841 987 1892 adhuc
981 1856 1015 1904 sug
1004 1856 1029 1912 gq

147 1917 235 1972 nium,
251 1927 277 1964 et
290 1916 366 1962 nullis
383 1903 572 1964 defensionibus
588 1926 736 1981 expertum,
754 1916 819 1966 cede
833 1917 915 1966 nobili
927 1915 1029 1988 imbuisti

147 2004 227 2053 quum
235 2004 266 2038 ex
276 1987 526 2054 lunerereipubliem,
534 1989 613 2054 raptrs
619 1989 792 2040 consularibus
804 1991 903 2076 spoliis,
914 1989 1020 2057 septuagi

149 2063 267 2111 sestertio
277 2063 418 2146 sagiqttus,
430 2074 456 2110 et
467 2061 609 2111 sacerdotio
620 2061 749 2128 fulgeum'
744 2065 860 2114 rnuorios
870 2079 977 2130 pueros,
987 2064 1020 2112 illu

148 2145 200 2187 tres
209 2151 290 2199 senes,
300 2136 449 2200 conspicuas
458 2133 565 2185 feminas
573 2133 661 2184 eadem
673 2137 745 2188 ruisi
755 2147 941 2202 prosterneres:
935 2153 1018 2202 quum

148 2210 283 2274 segnitiam
293 2209 401 2259 Neronis
412 2209 560 2258 ninousaree
567 2225 591 2270 o,
601 2207 669 2274 qubd
676 2227 719 2276 per·
728 2210 839 2276 singulas
849 2210 937 2260 domos
944 2227 1011 2276 seque

150 2281 277 2331 delatores
285 2281 401 2348 fatigaret
413 2300 418 2330 :
429 2299 503 2349 posse
514 2284 660 2332 universum
669 2291 783 2333 serratum
796 2283 845 2333 uni
858 2301 919 2334 voce
932 2283 1029 2350 subverti

150 2371 166 2404 e
175 2356 293 2405 Retinete
301 2355 403 2422 ‚Patres
412 2358 562 2422 conscripti,
571 2369 597 2407 et
606 2370 729 2408 reservate
739 2357 870 2406 bominem
879 2370 931 2408 tam
940 2351 1029 2424 expediti

148 2429 263 2485 consilii,
282 2393 310 2478 ul
324 2429 409 2480 omnis
425 2442 483 2480 aetas
499 2431 620 2480 instructa
638 2432 682 2491 sit,
697 2443 722 2482 et
741 2429 871 2516 quomodo
890 2449 959 2482 serres
973 2435 1029 2494 nostrl

147 2501 299 2552 Marcellum
306 2503 473 2569 ,Crispum,
468 2520 572 2568 iuvenes
581 2505 722 2570 Regulum
717 2505 855 2554 imitentur
868 2504 965 2554 Invenit
973 2505 1029 2556 erim

127 2624 131 2629 ,
146 2577 251 2626 aemulos
269 2578 355 2628 infelix
374 2579 505 2642 nequitia
517 2578 617 2644 quid'
599 2597 620 2627 ιι
636 2581 739 2637 floreat,
761 2578 911 2663 vigeatque?
927 2581 959 2630 Et
975 2589 1029 2643 qaeu

148 2649 230 2699 adhue
239 2653 402 2714 quaestorium
412 2651 539 2702 offendere
551 2669 602 2700 trorr
614 2651 750 2710 audemus,
763 2653 911 2716 praetorium
925 2666 949 2703 et
960 2668 1029 2702 consu

146 2723 260 2771 larem
239 2726 315 2773 vrsuri
327 2723 434 2774 sumus?
446 2724 487 2776 An
502 2725 631 2776 Neronem
644 2737 787 2774 extremum
798 2723 960 2776 dominorum
974 2737 1029 2808 putaq

146 2793 199 2843 tis?
209 2793 280 2844 idem
290 2799 450 2848 crediderant
452 2817 515 2866 ,qur
507 2798 641 2862 Tiberio,
652 2801 695 2861 qui
707 2799 767 2848 Caio
781 2801 929 2865 superstites
938 2801 986 2848 iuer
989 2811 1029 2858 ιιιι

144 2883 224 2930 quum
235 2869 338 2918 interim
349 2873 533 2938 intestabilior,
543 2883 569 2919 et
579 2871 668 2920 sevior
685 2879 788 2920 exortus
801 2882 848 2920 eet.
861 2871 919 2920 Non
936 2865 1029 2922 tImemul

142 2940 344 3005 Vespasianum·
360 2960 387 2989 ea
400 2961 520 3010 prrncrprs
534 2956 604 3004 aetas
620 2961 649 2994 ea
667 2943 820 2995 moderatio.
834 2944 884 2993 Sed
897 2945 986 2996 drrrtrus
995 2945 1029 2994 du

142 3027 200 3063 rant
209 3015 339 3078 exempla,
350 3015 425 3078 quam
439 3033 531 3065 mores.
549 3017 727 3082 Elanguimus,
740 3017 825 3066 Patres
841 3020 990 3085 conscripti,
999 3037 1021 3068 ne

142 3087 194 3152 jam
206 3087 248 3135 ille
264 3099 364 3136 senatus
382 3104 482 3149 sumus,
494 3090 554 3153 qui,
565 3089 647 3138 occiso
663 3089 779 3150 Nerffone
792 3089 914 3141 delatores
927 3095 1020 3142 etmirris

143 3173 197 3213 trus
206 3176 275 3208 more
286 3158 409 3243 maiorum
420 3163 561 3228 puniendus
575 3164 711 3248 flagitabat.
725 3165 844 3232 Optimus
859 3178 910 3226 est,
924 3180 1017 3232 postma

138 3233 196 3287 lum
215 3231 370 3296 principem,
388 3235 442 3284 dies
454 3239 584 3302 primus».

172 3299 270 3362 xum
281 3305 365 3358 Tanto
378 3325 435 3363 cum
446 3326 550 3400 assensu
563 3311 663 3364 senatds
677 3311 780 3366 auditus
795 3323 834 3373 est
851 3313 991 3379 Montanus,
1003 3323 1023 3365 ut
