2100 3709
108 102 170 156 325„
423 115 449 151 o.
469 114 564 151 coru.
580 96 694 151 uscire
744 92 747 99 ’

108 194 255 263 fingendum
265 192 469 260 credendumque
482 196 600 259 materies
611 196 637 245 in
652 196 712 263 ipsis
723 195 811 247 castris
817 229 826 257 ,
838 196 916 258 odio,
928 207 1029 257 metu,

110 283 137 337 et
148 272 192 319 ubi
200 272 265 319 vires
277 285 333 325 suas
344 281 518 335 respexerant,
530 272 672 320 securitate.

142 345 197 393 LII.
219 344 272 392 Sub
291 344 356 407 ipsas
373 346 510 408 superioris
530 342 590 393 anni
611 342 736 393 Kalendas
756 343 913 393 Decembres
935 345 1028 394 Aulus

110 420 230 469 Vitellius
248 415 392 467 inferiorem
410 420 575 469 Germaniam
592 420 733 483 ingressus,
751 417 866 469 hibernia
881 421 1028 504 legionum

110 510 170 542 cum
181 508 241 539 cma
230 490 362 541 adierat:
373 490 465 541 redditi
477 492 602 558 plerisque
611 491 725 554 ordines,
743 494 845 541 remissa
858 494 1027 557 ignominia,

111 568 224 616 allevatus
232 565 314 613 nun:
325 566 397 630 plura
407 566 544 614 ambitione
553 564 682 631 „quedam
692 564 821 629 judicioz'
814 582 842 613 ιιι
851 566 949 631 quibus
959 583 1028 614 sos·

111 633 169 680 dem
179 642 204 679 et
213 631 341 679 avaritiam
352 632 452 679 Fonteii
462 632 605 698 Capitonis,
615 630 756 679 adimendis
766 630 960 696 assignandisve
974 634 1028 682 mi·

108 707 171 757 litie
188 705 336 761 ordinibus,
352 704 448 770 integre
465 715 617 754 mutaverat.
629 703 684 753 Nec
696 705 835 753 consularis
845 705 925 769 legati
941 721 1024 753 men-

110 781 183 840 sura,
192 778 657 843 sediumajuaomniaaccipiebantur.
667 777 1025 843 EtVitelliueapudseveros

108 855 277 915 humilis.1ta
297 856 443 903 comitatem
460 855 648 919 bonitatemque
665 852 775 903 faventes
789 854 935 913 sonabunt,
949 854 1025 919 quod

108 932 162 982 sine
179 917 336 990 modo,sioe
354 932 466 995 judicio,
484 928 594 981 donaret
604 946 648 979 sua
658 929 922 994 ,largireturaliena:
942 932 1026 979 simul

108 1006 228 1055 aviditate
245 1006 420 1071 imperandi,
414 1024 467 1072 ipsa
485 1006 546 1055 vitia
562 1020 609 1071 pro
623 1004 761 1053 virtutibus
773 1006 1026 1077 interpretabantur

107 1080 185 1131 Multi
200 1081 224 1127 in
242 1092 349 1143 utroque
366 1083 478 1129 exercitu
493 1080 558 1128 s'icut
574 1077 684 1129 modesti
697 1078 841 1145 quietique,
860 1064 898 1125 ita
916 1081 1025 1127 maliet

108 1151 215 1201 strenui.
227 1152 278 1200 Sed
291 1152 392 1219 prolusi
404 1153 539 1219 cupidine,
556 1164 580 1199 et
590 1150 680 1215 insigni
691 1152 830 1199 temeritate
841 1152 923 1216 legati
936 1154 1025 1219 legio-

70 1259 74 1265 ·
107 1242 187 1291 num,
199 1225 315 1275 Allienus
326 1226 423 1274 Caecina
435 1262 441 1283 ,
453 1238 479 1274 et
490 1226 583 1275 Fabius
592 1226 686 1273 Valens
697 1242 703 1272 :
719 1222 834 1289 equibus
843 1224 966 1285 Valens,
976 1227 1023 1274 in·

107 1298 193 1351 leneus
203 1300 287 1348 Gallie
295 1303 432 1363 ,tanquam
444 1296 628 1349 detectamdse
636 1299 752 1364 Vergunr
761 1300 965 1353 cunctationem
975 1316 1044 1365 op

107 1384 192 1441 pressa
209 1375 340 1439 Capitonis
356 1374 461 1423 consilia
480 1374 576 1439 ingrate
596 1373 711 1431 tulisset,
727 1371 845 1437 instigare
859 1369 1020 1433 Vitellium,

109 1448 248 1499 cardotem
268 1448 398 1496 militumr)
421 1458 558 1495 ostentans.
579 1449 687 1513 «Ipsum
704 1445 797 1493 celebri
815 1442 909 1507 ubique
930 1440 1044 1491 famis:

106 1522 203 1572 nullam
214 1521 338 1569 mFlacco
348 1517 617 1569 llordeonromoram
628 1517 881 1567 afforeBritanniam:
895 1529 1021 1565 secutura

68 1639 72 1645 ,
109 1597 294 1646 Germanorum
305 1593 419 1643 auxilia
432 1594 568 1642 malefidas
580 1608 736 1657 provincias
747 1608 886 1657 precarium
898 1606 955 1637 seni
968 1606 1021 1639 rm

107 1672 221 1736 perium,
232 1680 257 1715 et
268 1669 337 1719 brevi
349 1678 530 1715 transiturum
542 1664 779 1731 panderetmodd
760 1680 881 1727 smum,
868 1660 1021 1711 ervenienti

107 1744 214 1792 fortunae
230 1749 383 1788 occthrcrel
396 1734 490 1785 Meritis
503 1737 805 1821 dnbitdssellerginium,
819 1735 1020 1802 equestrilami·

108 1817 157 1872 tta,
177 1818 264 1879 ignoto
275 1823 364 1876 pistre
378 1812 516 1874 imparem,
529 1828 549 1859 ιι
561 1811 697 1875 recepisset
709 1826 864 1876 imperium
880 1811 1020 1874 tutum,si

59 1900 61 1910 ¹
108 1888 256 1954 recurrisset.
268 1884 375 1930 Vitellio
390 1896 440 1931 tres
451 1885 529 1947 patrie
543 1885 704 1943 consulatus,
717 1900 861 1941 censuram,
876 1885 1019 1949 collegium

109 1961 209 2009 Cesar-is
219 1996 224 2017 ,
234 1970 260 2005 et
269 1959 397 2021 imponere
406 1957 557 2023 jampridem
567 1959 726 2023 imperatoris
735 1958 907 2023 dignationem
916 1994 923 2017 ,
933 1969 962 2005 et
971 1975 1019 2005 au·

108 2033 173 2085 ferre
186 2033 277 2097 privati
291 2031 450 2079 securitatem
459 2050 484 2080 ι).
500 2032 667 2095 Qustiebatur
678 2030 718 2081 lrls
731 2038 805 2097 segne
821 2032 954 2097 ingenium
966 2068 974 2091 ,
989 2043 1017 2080 ut

108 2106 299 2169 concupisceret
309 2105 402 2167 magis,
415 2104 490 2167 quim
503 2116 530 2151 ut
543 2106 663 2169 speraret.

140 2179 210 2227 Llll.
224 2177 259 2226 At
272 2182 296 2226 in
309 2179 436 2242 superiore
446 2176 599 2240 Germanii,
611 2180 709 2227 Caecina
720 2176 809 2227 decori
821 2178 942 2250 juventi,
955 2195 1015 2228 eor·
1043 2220 1044 2229 ,

107 2254 285 2318 poreingens,
296 2252 372 2300 animi
389 2252 556 2309 immodicus,
569 2253 634 2300 scito
652 2268 780 2310 ser,muue
800 2264 884 2300 erecto
897 2268 1015 2309 incessu,

108 2326 190 2372 studia
208 2327 319 2374 militum
337 2327 460 2373 illexerat
480 2324 580 2372 Hunc'
574 2338 691 2400 juvenem
706 2324 799 2383 Galba,
819 2338 971 2389 quaestorem
990 2328 1016 2374 in

107 2400 232 2456 Betica,
227 2400 333 2466 impigri
348 2402 380 2448 in.
385 2413 468 2466 partes
478 2418 535 2449 suas
546 2413 748 2484 transgressum,
755 2400 849 2465 legioni
857 2412 1015 2465 praeposuit

107 2488 165 2521 ιιιοι
185 2487 342 2541 compertum
356 2475 483 2540 publicam
498 2474 629 2538 pecuniam
634 2474 780 2530 avertisse,
795 2483 824 2519 ut
833 2472 1016 2537 peculatorem

99 2546 211 2610 flagitari
228 2550 309 2613 jussit.
324 2550 420 2597 Caecina
433 2548 493 2612 aegre
512 2564 597 2613 passus
604 2585 611 2610 ,
630 2549 734 2597 miscere
751 2558 855 2605 cuncta,
873 2558 898 2595 et
913 2549 1016 2611 privata

106 2624 211 2670 vulnera
224 2625 366 2688 reipublicae
376 2623 448 2672 usalis
457 2625 556 2689 operire
567 2624 664 2674 statuit.
677 2622 729 2671 Nee
745 2622 848 2670 deerant
857 2622 882 2669 in
898 2621 1016 2669 exercitu
1043 2674 1044 2681 ι

106 2697 199 2744 semina
217 2696 362 2753 discordiae,
376 2696 444 2759 quiid
463 2708 488 2743 et
505 2697 573 2743 bello
590 2696 709 2745 adversus
726 2694 860 2745 Vindicem
878 2694 1015 2743 universus
1043 2694 1044 2699 ’

106 2768 235 2829 adsuerat,
252 2784 300 2815 nec
320 2769 369 2817 nisi
390 2770 473 2817 occiso
487 2769 587 2815 Nerone
601 2769 738 2818 translatus
756 2770 782 2817 iu
798 2768 925 2825 Galbam,
939 2779 1014 2831 atque
1043 2784 1044 2787 ¹

105 2839 131 2887 in
151 2858 181 2887 eo
196 2843 250 2905 ipso
269 2855 425 2891 sacramento
447 2843 547 2891 vexillis
567 2842 691 2893 inferioris
712 2843 853 2893 Germaniae
870 2852 1015 2905 preventus

105 2919 164 2961 erat.
181 2915 213 2961 Et
230 2915 333 2962 Treueri
352 2934 380 2963 ac
397 2916 541 2979 Lingones,
558 2932 669 2979 quasque
685 2916 744 2965 alias
758 2917 871 2963 civitates
883 2914 1015 2962 atrocibus

104 2984 208 3040 edictis,
227 2998 271 3032 aut
286 2984 377 3034 damno
391 2989 477 3034 sunum
495 2987 576 3033 (Jallra
588 2988 745 3051 perculerat
758 2986 869 3034 hibernis
880 2986 1014 3049 legionum

104 3058 207 3124 propius
227 3061 371 3107 miscentur.
389 3058 461 3107 Unde
479 3055 597 3107 seditiosa
616 3060 755 3123 colloquia,
776 3070 800 3106 et
821 3059 886 3121 inter
898 3074 1022 3130 paganos

104 3134 246 3204 corruptior
265 3135 352 3192 miles,
368 3145 393 3182 et
413 3135 438 3183 iu
458 3132 608 3197 Verginium
627 3133 697 3183 lutor
708 3134 877 3196 effusumque
896 3132 940 3182 alil
952 3149 1013 3239 pr=o

102 3204 213 3262 [sturmus

134 3277 203 3333 ult
216 3280 321 3331 Miserat
334 3281 423 3332 ciritae
435 3261 594 3371 Lingonum,
607 3292 691 3333 estere
704 3280 833 3344 instituto,
848 3280 915 3332 dona
926 3280 1008 3347 legio·
