<?xml version="1.0" encoding="UTF-8"?>
<!DOCTYPE html PUBLIC "-//W3C//DTD XHTML 1.0 Transitional//EN"
    "http://www.w3.org/TR/xhtml1/DTD/xhtml1-transitional.dtd">
<html xmlns="http://www.w3.org/1999/xhtml" xml:lang="en" lang="en">
 <head>
  <title>
</title>
<meta http-equiv="Content-Type" content="text/html;charset=utf-8" />
  <meta name='ocr-system' content='tesseract 3.04.00' />
  <meta name='ocr-capabilities' content='ocr_page ocr_carea ocr_par ocr_line ocrx_word'/>
</head>
<body>
  <div class='ocr_page' id='page_1' title='image "./ccorntacitioper00brotgoog_0400.png"; bbox 0 0 2100 3709; ppageno 0'>
   <div class='ocr_carea' id='block_1_1' title="bbox 313 97 961 170">
    <p class='ocr_par' dir='ltr' id='par_1_1' title="bbox 313 97 961 170">
     <span class='ocr_line' id='line_1_1' title="bbox 313 97 961 170; baseline -0.006 -22"><span class='ocrx_word' id='word_1_1' title='bbox 313 99 551 148; x_wconf 78' lang='lat' dir='ltr'>ursaontsnnu</span> <span class='ocrx_word' id='word_1_2' title='bbox 568 107 635 145; x_wconf 82' lang='lat' dir='ltr'>nra.</span> <span class='ocrx_word' id='word_1_3' title='bbox 653 107 708 144; x_wconf 79' lang='grc' dir='ltr'><strong>ιιι.</strong></span> <span class='ocrx_word' id='word_1_4' title='bbox 912 97 961 170; x_wconf 80' lang='lat'>399</span> 
     </span>
    </p>
   </div>
   <div class='ocr_carea' id='block_1_2' title="bbox 45 186 963 327">
    <p class='ocr_par' dir='ltr' id='par_1_2' title="bbox 45 186 963 327">
     <span class='ocr_line' id='line_1_2' title="bbox 45 186 960 256; baseline 0.004 -18"><span class='ocrx_word' id='word_1_5' title='bbox 45 186 100 239; x_wconf 89' lang='lat' dir='ltr'>lito</span> <span class='ocrx_word' id='word_1_6' title='bbox 117 189 182 240; x_wconf 82' lang='lat' dir='ltr'>luxu</span> <span class='ocrx_word' id='word_1_7' title='bbox 195 192 339 255; x_wconf 88' lang='lat' dir='ltr'>remittens,</span> <span class='ocrx_word' id='word_1_8' title='bbox 359 203 385 241; x_wconf 87' lang='lat' dir='ltr'>et</span> <span class='ocrx_word' id='word_1_9' title='bbox 403 189 540 242; x_wconf 78' lang='lat' dir='ltr'>diffidentia</span> <span class='ocrx_word' id='word_1_10' title='bbox 555 205 688 256; x_wconf 77' lang='lat' dir='ltr'>Properas,</span> <span class='ocrx_word' id='word_1_11' title='bbox 707 189 825 241; x_wconf 86' lang='lat' dir='ltr'>lestinare</span> <span class='ocrx_word' id='word_1_12' title='bbox 841 191 960 254; x_wconf 87' lang='lat' dir='ltr'>comitia,</span> 
     </span>
     <span class='ocr_line' id='line_1_3' title="bbox 46 263 963 327; baseline 0.005 -16"><span class='ocrx_word' id='word_1_13' title='bbox 46 265 150 327; x_wconf 90' lang='lat' dir='ltr'>quibus</span> <span class='ocrx_word' id='word_1_14' title='bbox 160 268 275 321; x_wconf 88' lang='lat' dir='ltr'>consules</span> <span class='ocrx_word' id='word_1_15' title='bbox 288 270 312 317; x_wconf 90' lang='lat' dir='ltr'>in</span> <span class='ocrx_word' id='word_1_16' title='bbox 326 268 422 316; x_wconf 87' lang='lat' dir='ltr'>multos</span> <span class='ocrx_word' id='word_1_17' title='bbox 439 283 517 314; x_wconf 85' lang='lat' dir='ltr'>annos</span> <span class='ocrx_word' id='word_1_18' title='bbox 532 263 691 314; x_wconf 78' lang='lat' dir='ltr'>destinabat:</span> <span class='ocrx_word' id='word_1_19' title='bbox 705 263 795 314; x_wconf 76' lang='lat' dir='ltr'><strong>foedera</strong></span> <span class='ocrx_word' id='word_1_20' title='bbox 806 268 893 324; x_wconf 85' lang='lat' dir='ltr'>sociis,</span> <span class='ocrx_word' id='word_1_21' title='bbox 908 267 963 316; x_wconf 85' lang='lat' dir='ltr'>La-</span> 
     </span>
    </p>
   </div>
   <div class='ocr_carea' id='block_1_3' title="bbox 45 335 1037 406">
    <p class='ocr_par' dir='ltr' id='par_1_3' title="bbox 45 335 1037 406">
     <span class='ocr_line' id='line_1_4' title="bbox 45 335 1037 406; baseline 0.003 -20"><span class='ocrx_word' id='word_1_22' title='bbox 45 339 120 388; x_wconf 86' lang='lat' dir='ltr'>tium</span> <span class='ocrx_word' id='word_1_23' title='bbox 133 343 244 390; x_wconf 83' lang='lat' dir='ltr'>externis</span> <span class='ocrx_word' id='word_1_24' title='bbox 258 341 388 406; x_wconf 84' lang='lat' dir='ltr'>dilargiri:</span> <span class='ocrx_word' id='word_1_25' title='bbox 407 340 446 388; x_wconf 83' lang='lat' dir='ltr'>liis</span> <span class='ocrx_word' id='word_1_26' title='bbox 468 338 562 386; x_wconf 89' lang='lat' dir='ltr'>tributa</span> <span class='ocrx_word' id='word_1_27' title='bbox 581 335 722 399; x_wconf 81' lang='lat' dir='ltr'>dimittere3</span> <span class='ocrx_word' id='word_1_28' title='bbox 737 339 798 388; x_wconf 85' lang='lat' dir='ltr'>alios</span> <span class='ocrx_word' id='word_1_29' title='bbox 811 339 962 389; x_wconf 86' lang='lat' dir='ltr'>immunita·</span> <span class='ocrx_word' id='word_1_30' title='bbox 1034 339 1037 344; x_wconf 73' lang='grc'><strong>“</strong></span> 
     </span>
    </p>
   </div>
   <div class='ocr_carea' id='block_1_4' title="bbox 45 411 978 850">
    <p class='ocr_par' dir='ltr' id='par_1_4' title="bbox 45 411 978 850">
     <span class='ocr_line' id='line_1_5' title="bbox 46 411 960 481; baseline 0.005 -21"><span class='ocrx_word' id='word_1_31' title='bbox 46 413 124 462; x_wconf 80' lang='lat' dir='ltr'>tibus</span> <span class='ocrx_word' id='word_1_32' title='bbox 133 415 220 478; x_wconf 86' lang='lat' dir='ltr'>juvare</span> <span class='ocrx_word' id='word_1_33' title='bbox 232 435 238 463; x_wconf 76' lang='lat' dir='ltr'>r</span> <span class='ocrx_word' id='word_1_34' title='bbox 248 417 357 479; x_wconf 89' lang='lat' dir='ltr'>denique</span> <span class='ocrx_word' id='word_1_35' title='bbox 369 415 436 463; x_wconf 73' lang='lat' dir='ltr'>nulla</span> <span class='ocrx_word' id='word_1_36' title='bbox 446 415 470 462; x_wconf 92' lang='lat' dir='ltr'>iu</span> <span class='ocrx_word' id='word_1_37' title='bbox 480 423 611 478; x_wconf 89' lang='lat' dir='ltr'>posterum</span> <span class='ocrx_word' id='word_1_38' title='bbox 620 413 689 466; x_wconf 74' lang='lat' dir='ltr'>curi,</span> <span class='ocrx_word' id='word_1_39' title='bbox 698 411 806 462; x_wconf 84' lang='lat' dir='ltr'>lacerare</span> <span class='ocrx_word' id='word_1_40' title='bbox 816 416 960 481; x_wconf 72' lang='lat' dir='ltr'>imperium.</span> 
     </span>
     <span class='ocr_line' id='line_1_6' title="bbox 45 484 978 554; baseline 0.006 -21"><span class='ocrx_word' id='word_1_41' title='bbox 45 485 105 535; x_wconf 76' lang='lat' dir='ltr'>sed</span> <span class='ocrx_word' id='word_1_42' title='bbox 119 491 211 554; x_wconf 85' lang='lat' dir='ltr'>vulgus</span> <span class='ocrx_word' id='word_1_43' title='bbox 223 491 255 540; x_wconf 87' lang='lat' dir='ltr'>ad</span> <span class='ocrx_word' id='word_1_44' title='bbox 270 489 470 554; x_wconf 74' lang='lat' dir='ltr'><strong>magnitudinem</strong></span> <span class='ocrx_word' id='word_1_45' title='bbox 485 487 665 535; x_wconf 85' lang='lat' dir='ltr'>beneficiorum</span> <span class='ocrx_word' id='word_1_46' title='bbox 682 484 784 537; x_wconf 85' lang='lat' dir='ltr'>aderat:</span> <span class='ocrx_word' id='word_1_47' title='bbox 798 484 978 540; x_wconf 75' lang='lat' dir='ltr'>stultissimus</span> 
     </span>
     <span class='ocr_line' id='line_1_7' title="bbox 47 560 962 628; baseline 0.005 -21"><span class='ocrx_word' id='word_1_48' title='bbox 47 560 163 624; x_wconf 90' lang='lat' dir='ltr'>quisque</span> <span class='ocrx_word' id='word_1_49' title='bbox 172 563 288 628; x_wconf 85' lang='lat' dir='ltr'>pecuniis</span> <span class='ocrx_word' id='word_1_50' title='bbox 302 563 480 611; x_wconf 90' lang='lat' dir='ltr'>mercabatur:</span> <span class='ocrx_word' id='word_1_51' title='bbox 493 560 560 625; x_wconf 87' lang='lat' dir='ltr'>apud</span> <span class='ocrx_word' id='word_1_52' title='bbox 574 560 700 626; x_wconf 88' lang='lat' dir='ltr'>sapientes</span> <span class='ocrx_word' id='word_1_53' title='bbox 712 575 780 609; x_wconf 86' lang='lat' dir='ltr'>cassa</span> <span class='ocrx_word' id='word_1_54' title='bbox 794 560 962 622; x_wconf 85' lang='lat' dir='ltr'>habebantur,</span> 
     </span>
     <span class='ocr_line' id='line_1_8' title="bbox 47 633 962 702; baseline 0.004 -21"><span class='ocrx_word' id='word_1_55' title='bbox 47 649 109 696; x_wconf 74' lang='lat' dir='ltr'>quae</span> <span class='ocrx_word' id='word_1_56' title='bbox 124 652 207 700; x_wconf 87' lang='lat' dir='ltr'>neque</span> <span class='ocrx_word' id='word_1_57' title='bbox 224 637 293 696; x_wconf 88' lang='lat' dir='ltr'>dari,</span> <span class='ocrx_word' id='word_1_58' title='bbox 306 653 386 699; x_wconf 89' lang='lat' dir='ltr'>neque</span> <span class='ocrx_word' id='word_1_59' title='bbox 402 637 495 702; x_wconf 79' lang='lat' dir='ltr'>accipi.</span> <span class='ocrx_word' id='word_1_60' title='bbox 511 635 578 682; x_wconf 66' lang='lat' dir='ltr'>salvi</span> <span class='ocrx_word' id='word_1_61' title='bbox 593 633 736 699; x_wconf 71' lang='lat' dir='ltr'>republicd,</span> <span class='ocrx_word' id='word_1_62' title='bbox 749 647 874 700; x_wconf 88' lang='lat' dir='ltr'>poterant.</span> <span class='ocrx_word' id='word_1_63' title='bbox 889 636 962 690; x_wconf 82' lang='lat' dir='ltr'>Tan-</span> 
     </span>
     <span class='ocr_line' id='line_1_9' title="bbox 48 703 963 776; baseline 0.009 -24"><span class='ocrx_word' id='word_1_64' title='bbox 48 703 115 754; x_wconf 85' lang='lat' dir='ltr'>dem</span> <span class='ocrx_word' id='word_1_65' title='bbox 133 708 263 776; x_wconf 86' lang='lat' dir='ltr'>llagitaute</span> <span class='ocrx_word' id='word_1_66' title='bbox 274 711 401 770; x_wconf 83' lang='lat' dir='ltr'>exercitu,</span> <span class='ocrx_word' id='word_1_67' title='bbox 416 707 617 774; x_wconf 84' lang='lat' dir='ltr'>qui&#39;Mevaninm</span> <span class='ocrx_word' id='word_1_68' title='bbox 632 705 774 767; x_wconf 82' lang='lat' dir='ltr'>insederat,</span> <span class='ocrx_word' id='word_1_69' title='bbox 786 725 876 774; x_wconf 86' lang='lat' dir='ltr'>magno</span> <span class='ocrx_word' id='word_1_70' title='bbox 889 726 963 760; x_wconf 87' lang='lat' dir='ltr'>sena·</span> 
     </span>
     <span class='ocr_line' id='line_1_10' title="bbox 49 783 962 850; baseline 0.004 -22"><span class='ocrx_word' id='word_1_71' title='bbox 49 790 144 830; x_wconf 81' lang='lat' dir='ltr'>torum</span> <span class='ocrx_word' id='word_1_72' title='bbox 167 788 281 849; x_wconf 81' lang='lat' dir='ltr'>agmine,</span> <span class='ocrx_word' id='word_1_73' title='bbox 301 799 409 850; x_wconf 89' lang='lat' dir='ltr'>qnorum</span> <span class='ocrx_word' id='word_1_74' title='bbox 432 784 527 831; x_wconf 85' lang='lat' dir='ltr'>multos</span> <span class='ocrx_word' id='word_1_75' title='bbox 552 783 706 839; x_wconf 87' lang='lat' dir='ltr'>ambitione,</span> <span class='ocrx_word' id='word_1_76' title='bbox 725 783 810 847; x_wconf 85' lang='lat' dir='ltr'>plures</span> <span class='ocrx_word' id='word_1_77' title='bbox 826 783 962 832; x_wconf 83' lang='lat' dir='ltr'>formidine</span> 
     </span>
    </p>
   </div>
   <div class='ocr_carea' id='block_1_5' title="bbox 46 852 963 978">
    <p class='ocr_par' dir='ltr' id='par_1_5' title="bbox 46 852 963 978">
     <span class='ocr_line' id='line_1_11' title="bbox 46 852 963 975; baseline 0.01 -76"><span class='ocrx_word' id='word_1_78' title='bbox 46 852 182 975; x_wconf 45' lang='lat' dir='ltr'>techebat,</span> <span class='ocrx_word' id='word_1_79' title='bbox 209 861 234 908; x_wconf 87' lang='lat' dir='ltr'>in</span> <span class='ocrx_word' id='word_1_80' title='bbox 257 870 337 908; x_wconf 86' lang='lat' dir='ltr'>eastra</span> <span class='ocrx_word' id='word_1_81' title='bbox 360 857 445 918; x_wconf 89' lang='lat' dir='ltr'>venit,</span> <span class='ocrx_word' id='word_1_82' title='bbox 467 856 579 905; x_wconf 81' lang='lat' dir='ltr'>incertus</span> <span class='ocrx_word' id='word_1_83' title='bbox 598 855 693 916; x_wconf 84' lang='lat' dir='ltr'>nnimI,</span> <span class='ocrx_word' id='word_1_84' title='bbox 712 856 836 912; x_wconf 84' lang='lat' dir='ltr'>etiulidis</span> <span class='ocrx_word' id='word_1_85' title='bbox 852 857 963 908; x_wconf 88' lang='lat' dir='ltr'>consiliis</span> 
     </span>
     <span class='ocr_line' id='line_1_12' title="bbox 48 929 263 978; baseline 0.009 -5"><span class='ocrx_word' id='word_1_86' title='bbox 48 941 67 973; x_wconf 85' lang='lat' dir='ltr'>o</span> <span class='ocrx_word' id='word_1_87' title='bbox 88 929 193 978; x_wconf 83' lang='lat' dir='ltr'>noxius.</span> <span class='ocrx_word' id='word_1_88' title='bbox 261 970 263 975; x_wconf 77' lang='grc'><strong><em>,</em></strong></span> 
     </span>
    </p>
   </div>
   <div class='ocr_carea' id='block_1_6' title="bbox 6 1027 972 2349">
    <p class='ocr_par' dir='ltr' id='par_1_6' title="bbox 48 1027 966 1391">
     <span class='ocr_line' id='line_1_13' title="bbox 85 1027 964 1098; baseline 0.006 -23"><span class='ocrx_word' id='word_1_89' title='bbox 85 1027 158 1079; x_wconf 86' lang='lat' dir='ltr'>LVI.</span> <span class='ocrx_word' id='word_1_90' title='bbox 177 1031 347 1080; x_wconf 73' lang='lat' dir='ltr'>concionanti</span> <span class='ocrx_word' id='word_1_91' title='bbox 359 1030 546 1098; x_wconf 85' lang='lat' dir='ltr'>(prodigiosum</span> <span class='ocrx_word' id='word_1_92' title='bbox 557 1027 637 1094; x_wconf 89' lang='lat' dir='ltr'>dictu)</span> <span class='ocrx_word' id='word_1_93' title='bbox 649 1039 748 1077; x_wconf 87' lang='lat' dir='ltr'>tantum</span> <span class='ocrx_word' id='word_1_94' title='bbox 761 1029 882 1080; x_wconf 77' lang='lat' dir='ltr'>foedarum</span> <span class='ocrx_word' id='word_1_95' title='bbox 893 1031 964 1080; x_wconf 91' lang='lat' dir='ltr'>volu·</span> 
     </span>
     <span class='ocr_line' id='line_1_14' title="bbox 48 1102 964 1170; baseline 0.002 -18"><span class='ocrx_word' id='word_1_96' title='bbox 48 1117 126 1152; x_wconf 88' lang='lat' dir='ltr'>crum</span> <span class='ocrx_word' id='word_1_97' title='bbox 145 1105 355 1170; x_wconf 77' lang='lat' dir='ltr'>supervolitavit,</span> <span class='ocrx_word' id='word_1_98' title='bbox 373 1116 401 1152; x_wconf 90' lang='lat' dir='ltr'>ut</span> <span class='ocrx_word' id='word_1_99' title='bbox 417 1105 484 1151; x_wconf 90' lang='lat' dir='ltr'>nube</span> <span class='ocrx_word' id='word_1_100' title='bbox 501 1103 555 1151; x_wconf 80' lang='lat' dir='ltr'>atui</span> <span class='ocrx_word' id='word_1_101' title='bbox 575 1102 643 1149; x_wconf 86' lang='lat' dir='ltr'>diem</span> <span class='ocrx_word' id='word_1_102' title='bbox 656 1103 833 1153; x_wconf 79' lang='lat' dir='ltr'>obtenderent.</span> <span class='ocrx_word' id='word_1_103' title='bbox 849 1103 964 1155; x_wconf 77' lang='lat' dir='ltr'>Accessit</span> 
     </span>
     <span class='ocr_line' id='line_1_15' title="bbox 49 1174 965 1246; baseline 0.004 -22"><span class='ocrx_word' id='word_1_104' title='bbox 49 1174 140 1224; x_wconf 92' lang='lat' dir='ltr'>dirum</span> <span class='ocrx_word' id='word_1_105' title='bbox 153 1194 244 1241; x_wconf 87' lang='lat' dir='ltr'>omen,</span> <span class='ocrx_word' id='word_1_106' title='bbox 258 1177 386 1243; x_wconf 75' lang='lat' dir='ltr'>profugus</span> <span class='ocrx_word' id='word_1_107' title='bbox 399 1177 519 1225; x_wconf 86' lang='lat' dir='ltr'>altaribus</span> <span class='ocrx_word' id='word_1_108' title='bbox 532 1189 635 1234; x_wconf 78' lang='lat' dir='ltr'>saurais,</span> <span class='ocrx_word' id='word_1_109' title='bbox 650 1175 754 1238; x_wconf 84' lang='lat' dir='ltr'>disjecto</span> <span class='ocrx_word' id='word_1_110' title='bbox 766 1179 879 1227; x_wconf 83' lang='lat' dir='ltr'>sacrificii</span> <span class='ocrx_word' id='word_1_111' title='bbox 890 1197 965 1246; x_wconf 84' lang='lat' dir='ltr'>appa·</span> 
     </span>
     <span class='ocr_line' id='line_1_16' title="bbox 49 1249 964 1316; baseline -0.001 -17"><span class='ocrx_word' id='word_1_112' title='bbox 49 1261 129 1310; x_wconf 85' lang='lat' dir='ltr'>ratu,</span> <span class='ocrx_word' id='word_1_113' title='bbox 140 1251 215 1316; x_wconf 70' lang='lat' dir='ltr'>longe</span> <span class='ocrx_word' id='word_1_114' title='bbox 223 1289 230 1311; x_wconf 90' lang='lat'>,</span> <span class='ocrx_word' id='word_1_115' title='bbox 245 1252 346 1300; x_wconf 90' lang='lat' dir='ltr'>necubi</span> <span class='ocrx_word' id='word_1_116' title='bbox 362 1249 431 1300; x_wconf 87' lang='lat' dir='ltr'>Ieriri</span> <span class='ocrx_word' id='word_1_117' title='bbox 443 1249 539 1297; x_wconf 87' lang='lat' dir='ltr'>lrostias</span> <span class='ocrx_word' id='word_1_118' title='bbox 554 1265 608 1294; x_wconf 84' lang='lat' dir='ltr'>mos</span> <span class='ocrx_word' id='word_1_119' title='bbox 620 1261 672 1309; x_wconf 85' lang='lat' dir='ltr'>est,</span> <span class='ocrx_word' id='word_1_120' title='bbox 687 1250 825 1298; x_wconf 79' lang='lat' dir='ltr'>confossus.</span> <span class='ocrx_word' id='word_1_121' title='bbox 840 1251 889 1301; x_wconf 86' lang='lat' dir='ltr'>Sed</span> <span class='ocrx_word' id='word_1_122' title='bbox 900 1267 964 1316; x_wconf 83' lang='lat' dir='ltr'>pra·-</span> 
     </span>
     <span class='ocr_line' id='line_1_17' title="bbox 51 1321 966 1391; baseline 0 -20"><span class='ocrx_word' id='word_1_123' title='bbox 51 1324 161 1387; x_wconf 89' lang='lat' dir='ltr'>cipuum</span> <span class='ocrx_word' id='word_1_124' title='bbox 171 1326 225 1391; x_wconf 91' lang='lat' dir='ltr'>ipse</span> <span class='ocrx_word' id='word_1_125' title='bbox 236 1325 359 1376; x_wconf 84' lang='lat' dir='ltr'>Vitellius</span> <span class='ocrx_word' id='word_1_126' title='bbox 367 1334 494 1372; x_wconf 87' lang='lat' dir='ltr'>ostentum</span> <span class='ocrx_word' id='word_1_127' title='bbox 505 1333 568 1382; x_wconf 85' lang='lat' dir='ltr'>erat,</span> <span class='ocrx_word' id='word_1_128' title='bbox 580 1321 679 1386; x_wconf 84' lang='lat' dir='ltr'>ignarus</span> <span class='ocrx_word' id='word_1_129' title='bbox 693 1323 795 1385; x_wconf 82' lang='lat' dir='ltr'>militiae,</span> <span class='ocrx_word' id='word_1_130' title='bbox 807 1323 966 1388; x_wconf 82' lang='lat' dir='ltr'>improvidus</span> 
     </span>
    </p>

    <p class='ocr_par' dir='ltr' id='par_1_7' title="bbox 28 1392 972 2273">
     <span class='ocr_line' id='line_1_18' title="bbox 28 1392 966 1460; baseline 0.001 -19"><span class='ocrx_word' id='word_1_131' title='bbox 28 1435 32 1440; x_wconf 89' lang='lat'><em>.</em></span> <span class='ocrx_word' id='word_1_132' title='bbox 53 1396 172 1456; x_wconf 89' lang='lat' dir='ltr'>consilii,</span> <span class='ocrx_word' id='word_1_133' title='bbox 184 1414 198 1444; x_wconf 83' lang='lat' dir='ltr'>a</span> <span class='ocrx_word' id='word_1_134' title='bbox 212 1397 269 1459; x_wconf 90' lang='lat' dir='ltr'>quis</span> <span class='ocrx_word' id='word_1_135' title='bbox 281 1395 343 1444; x_wconf 90' lang='lat' dir='ltr'>ordo</span> <span class='ocrx_word' id='word_1_136' title='bbox 356 1395 463 1460; x_wconf 82' lang='lat' dir='ltr'>agminis</span> <span class='ocrx_word' id='word_1_137' title='bbox 476 1431 481 1448; x_wconf 87' lang='lat'><strong><em>‚</em></strong></span> <span class='ocrx_word' id='word_1_138' title='bbox 495 1409 549 1457; x_wconf 84' lang='lat' dir='ltr'>quae</span> <span class='ocrx_word' id='word_1_139' title='bbox 562 1409 620 1440; x_wconf 91' lang='lat' dir='ltr'>cura</span> <span class='ocrx_word' id='word_1_140' title='bbox 634 1392 794 1457; x_wconf 83' lang='lat' dir='ltr'>explorandi,</span> <span class='ocrx_word' id='word_1_141' title='bbox 804 1405 910 1457; x_wconf 81' lang='lat' dir='ltr'>quantus</span> <span class='ocrx_word' id='word_1_142' title='bbox 923 1412 966 1442; x_wconf 90' lang='lat' dir='ltr'>ur-</span> 
     </span>
     <span class='ocr_line' id='line_1_19' title="bbox 53 1465 966 1534; baseline 0.002 -17"><span class='ocrx_word' id='word_1_143' title='bbox 53 1468 142 1534; x_wconf 87' lang='lat' dir='ltr'>gendo</span> <span class='ocrx_word' id='word_1_144' title='bbox 158 1469 311 1518; x_wconf 80' lang='lat' dir='ltr'>trahendove</span> <span class='ocrx_word' id='word_1_145' title='bbox 330 1469 399 1516; x_wconf 88' lang='lat' dir='ltr'>bello</span> <span class='ocrx_word' id='word_1_146' title='bbox 416 1465 550 1526; x_wconf 84' lang='lat' dir='ltr'>modusu,</span> <span class='ocrx_word' id='word_1_147' title='bbox 566 1466 630 1514; x_wconf 88' lang='lat' dir='ltr'>alios</span> <span class='ocrx_word' id='word_1_148' title='bbox 650 1467 773 1529; x_wconf 81' lang='lat' dir='ltr'>rogitans,</span> <span class='ocrx_word' id='word_1_149' title='bbox 790 1477 815 1514; x_wconf 88' lang='lat' dir='ltr'>et</span> <span class='ocrx_word' id='word_1_150' title='bbox 831 1467 864 1513; x_wconf 89' lang='lat' dir='ltr'>ad</span> <span class='ocrx_word' id='word_1_151' title='bbox 878 1484 966 1519; x_wconf 82' lang='lat' dir='ltr'>otrures</span> 
     </span>
     <span class='ocr_line' id='line_1_20' title="bbox 53 1538 965 1608; baseline 0.001 -17"><span class='ocrx_word' id='word_1_152' title='bbox 53 1543 178 1606; x_wconf 85' lang='lat' dir='ltr'>nuntius,</span> <span class='ocrx_word' id='word_1_153' title='bbox 198 1545 273 1593; x_wconf 86' lang='lat' dir='ltr'>vultu</span> <span class='ocrx_word' id='word_1_154' title='bbox 295 1560 395 1608; x_wconf 90' lang='lat' dir='ltr'>quoque</span> <span class='ocrx_word' id='word_1_155' title='bbox 414 1555 440 1590; x_wconf 88' lang='lat' dir='ltr'>et</span> <span class='ocrx_word' id='word_1_156' title='bbox 458 1545 557 1591; x_wconf 85' lang='lat' dir='ltr'>incessu</span> <span class='ocrx_word' id='word_1_157' title='bbox 576 1538 705 1606; x_wconf 86' lang='lat' dir='ltr'>trepidus,</span> <span class='ocrx_word' id='word_1_158' title='bbox 724 1540 784 1588; x_wconf 86' lang='lat' dir='ltr'>dein</span> <span class='ocrx_word' id='word_1_159' title='bbox 801 1542 965 1593; x_wconf 79' lang='lat' dir='ltr'>temulentus.</span> 
     </span>
     <span class='ocr_line' id='line_1_21' title="bbox 55 1614 967 1675; baseline -0.002 -8"><span class='ocrx_word' id='word_1_160' title='bbox 55 1617 193 1668; x_wconf 77' lang='lat' dir='ltr'>Postremd</span> <span class='ocrx_word' id='word_1_161' title='bbox 206 1619 278 1668; x_wconf 73' lang='lat' dir='ltr'>radio</span> <span class='ocrx_word' id='word_1_162' title='bbox 288 1633 443 1675; x_wconf 87' lang='lat' dir='ltr'>castrorum,</span> <span class='ocrx_word' id='word_1_163' title='bbox 455 1629 481 1666; x_wconf 88' lang='lat' dir='ltr'>et</span> <span class='ocrx_word' id='word_1_164' title='bbox 491 1616 578 1666; x_wconf 75' lang='lat' dir='ltr'>auditd</span> <span class='ocrx_word' id='word_1_165' title='bbox 591 1614 732 1664; x_wconf 83' lang='lat' dir='ltr'>delectione</span> <span class='ocrx_word' id='word_1_166' title='bbox 744 1615 896 1663; x_wconf 83' lang='lat' dir='ltr'>Misenensis</span> <span class='ocrx_word' id='word_1_167' title='bbox 905 1616 967 1665; x_wconf 90' lang='lat' dir='ltr'>clas·</span> 
     </span>
     <span class='ocr_line' id='line_1_22' title="bbox 56 1687 965 1754; baseline -0.003 -14"><span class='ocrx_word' id='word_1_168' title='bbox 56 1691 108 1753; x_wconf 85' lang='lat' dir='ltr'>sis,</span> <span class='ocrx_word' id='word_1_169' title='bbox 123 1693 233 1740; x_wconf 87' lang='lat' dir='ltr'>Romam</span> <span class='ocrx_word' id='word_1_170' title='bbox 254 1695 374 1754; x_wconf 82' lang='lat' dir='ltr'>revertit,</span> <span class='ocrx_word' id='word_1_171' title='bbox 394 1692 597 1740; x_wconf 83' lang='lat' dir='ltr'>recentissimum</span> <span class='ocrx_word' id='word_1_172' title='bbox 614 1687 731 1754; x_wconf 87' lang='lat' dir='ltr'>quodque</span> <span class='ocrx_word' id='word_1_173' title='bbox 747 1690 838 1738; x_wconf 87' lang='lat' dir='ltr'>vulnus</span> <span class='ocrx_word' id='word_1_174' title='bbox 855 1704 965 1754; x_wconf 86' lang='lat' dir='ltr'>pavens,</span> 
     </span>
     <span class='ocr_line' id='line_1_23' title="bbox 56 1762 965 1830; baseline -0.002 -16"><span class='ocrx_word' id='word_1_175' title='bbox 56 1767 152 1814; x_wconf 87' lang='lat' dir='ltr'>stnnmi</span> <span class='ocrx_word' id='word_1_176' title='bbox 163 1766 314 1815; x_wconf 86' lang='lat' dir='ltr'>discriminis</span> <span class='ocrx_word' id='word_1_177' title='bbox 323 1768 473 1816; x_wconf 86' lang='lat' dir='ltr'>incuriosus.</span> <span class='ocrx_word' id='word_1_178' title='bbox 481 1765 547 1814; x_wconf 90' lang='lat' dir='ltr'>Nam</span> <span class='ocrx_word' id='word_1_179' title='bbox 556 1781 633 1830; x_wconf 91' lang='lat' dir='ltr'>quum</span> <span class='ocrx_word' id='word_1_180' title='bbox 644 1762 785 1826; x_wconf 85' lang='lat' dir='ltr'>transgredi</span> <span class='ocrx_word' id='word_1_181' title='bbox 795 1764 965 1830; x_wconf 80' lang='lat' dir='ltr'>Apenninum,</span> 
     </span>
     <span class='ocr_line' id='line_1_24' title="bbox 58 1836 965 1904; baseline -0.002 -16"><span class='ocrx_word' id='word_1_182' title='bbox 58 1840 161 1904; x_wconf 84' lang='lat' dir='ltr'>integro</span> <span class='ocrx_word' id='word_1_183' title='bbox 171 1839 294 1890; x_wconf 79' lang='lat' dir='ltr'>exercitiis</span> <span class='ocrx_word' id='word_1_184' title='bbox 309 1843 348 1889; x_wconf 90' lang='lat' dir='ltr'>sui</span> <span class='ocrx_word' id='word_1_185' title='bbox 361 1841 465 1903; x_wconf 86' lang='lat' dir='ltr'>robore,</span> <span class='ocrx_word' id='word_1_186' title='bbox 478 1852 504 1889; x_wconf 89' lang='lat' dir='ltr'>et</span> <span class='ocrx_word' id='word_1_187' title='bbox 513 1839 591 1888; x_wconf 71' lang='lat' dir='ltr'>Iessos</span> <span class='ocrx_word' id='word_1_188' title='bbox 606 1838 689 1886; x_wconf 79' lang='lat' dir='ltr'>lneme</span> <span class='ocrx_word' id='word_1_189' title='bbox 698 1841 773 1900; x_wconf 87' lang='lat' dir='ltr'>atque</span> <span class='ocrx_word' id='word_1_190' title='bbox 786 1836 869 1902; x_wconf 74' lang='lat' dir='ltr'>iuopid</span> <span class='ocrx_word' id='word_1_191' title='bbox 881 1837 965 1887; x_wconf 82' lang='lat' dir='ltr'>hostes</span> 
     </span>
     <span class='ocr_line' id='line_1_25' title="bbox 58 1910 966 1981; baseline -0.006 -19"><span class='ocrx_word' id='word_1_192' title='bbox 58 1911 179 1977; x_wconf 77' lang='lat' dir='ltr'>adgredi,</span> <span class='ocrx_word' id='word_1_193' title='bbox 194 1916 218 1962; x_wconf 89' lang='lat' dir='ltr'>iu</span> <span class='ocrx_word' id='word_1_194' title='bbox 232 1925 319 1979; x_wconf 88' lang='lat' dir='ltr'>aperto</span> <span class='ocrx_word' id='word_1_195' title='bbox 333 1915 410 1979; x_wconf 73' lang='lat' dir='ltr'>soret,</span> <span class='ocrx_word' id='word_1_196' title='bbox 423 1915 485 1963; x_wconf 92' lang='lat' dir='ltr'>dum</span> <span class='ocrx_word' id='word_1_197' title='bbox 495 1913 620 1981; x_wconf 85' lang='lat' dir='ltr'>dispergit</span> <span class='ocrx_word' id='word_1_198' title='bbox 634 1914 715 1977; x_wconf 86' lang='lat' dir='ltr'>vires,</span> <span class='ocrx_word' id='word_1_199' title='bbox 731 1915 880 1960; x_wconf 73' lang='lat' dir='ltr'>acerrImum</span> <span class='ocrx_word' id='word_1_200' title='bbox 896 1910 966 1960; x_wconf 85' lang='lat' dir='ltr'>miti-</span> 
     </span>
     <span class='ocr_line' id='line_1_26' title="bbox 56 1984 972 2052; baseline 0 -18"><span class='ocrx_word' id='word_1_201' title='bbox 56 1997 111 2034; x_wconf 83' lang='lat' dir='ltr'>tem</span> <span class='ocrx_word' id='word_1_202' title='bbox 120 1990 163 2050; x_wconf 85' lang='lat' dir='ltr'>,et</span> <span class='ocrx_word' id='word_1_203' title='bbox 172 2005 251 2052; x_wconf 91' lang='lat' dir='ltr'>usque</span> <span class='ocrx_word' id='word_1_204' title='bbox 262 1989 286 2034; x_wconf 91' lang='lat' dir='ltr'>iu</span> <span class='ocrx_word' id='word_1_205' title='bbox 297 2000 408 2035; x_wconf 83' lang='lat' dir='ltr'>extrema</span> <span class='ocrx_word' id='word_1_206' title='bbox 420 1990 586 2044; x_wconf 85' lang='lat' dir='ltr'>obstinatum,</span> <span class='ocrx_word' id='word_1_207' title='bbox 597 1986 776 2036; x_wconf 86' lang='lat' dir='ltr'>trucidandum</span> <span class='ocrx_word' id='word_1_208' title='bbox 787 2023 792 2040; x_wconf 93' lang='lat'><strong><em>‚</em></strong></span> <span class='ocrx_word' id='word_1_209' title='bbox 805 1984 972 2050; x_wconf 60' lang='lat' dir='ltr'>capiendum*</span> 
     </span>
     <span class='ocr_line' id='line_1_27' title="bbox 59 2062 967 2128; baseline 0.002 -20"><span class='ocrx_word' id='word_1_210' title='bbox 59 2077 111 2125; x_wconf 89' lang='lat' dir='ltr'>que</span> <span class='ocrx_word' id='word_1_211' title='bbox 130 2062 245 2122; x_wconf 85' lang='lat' dir='ltr'>tradidit,</span> <span class='ocrx_word' id='word_1_212' title='bbox 267 2063 426 2128; x_wconf 71' lang='lat' dir='ltr'>peritissimis</span> <span class='ocrx_word' id='word_1_213' title='bbox 442 2063 621 2108; x_wconf 84' lang='lat' dir='ltr'>centurionum</span> <span class='ocrx_word' id='word_1_214' title='bbox 645 2064 865 2120; x_wconf 85' lang='lat' dir='ltr'>dissentientibus,</span> <span class='ocrx_word' id='word_1_215' title='bbox 884 2073 922 2120; x_wconf 91' lang='lat' dir='ltr'>et,</span> <span class='ocrx_word' id='word_1_216' title='bbox 945 2063 967 2110; x_wconf 87' lang='lat' dir='ltr'>si</span> 
     </span>
     <span class='ocr_line' id='line_1_28' title="bbox 60 2131 967 2190; baseline 0 -7"><span class='ocrx_word' id='word_1_217' title='bbox 60 2136 268 2190; x_wconf 82' lang='lat' dir='ltr'>consulerentur,</span> <span class='ocrx_word' id='word_1_218' title='bbox 283 2151 340 2182; x_wconf 82' lang='lat' dir='ltr'>vera</span> <span class='ocrx_word' id='word_1_219' title='bbox 359 2133 474 2182; x_wconf 86' lang='lat' dir='ltr'>dicturis.</span> <span class='ocrx_word' id='word_1_220' title='bbox 490 2131 602 2181; x_wconf 72' lang='lat' dir='ltr'>Arcudre</span> <span class='ocrx_word' id='word_1_221' title='bbox 613 2149 657 2180; x_wconf 86' lang='lat' dir='ltr'>eos</span> <span class='ocrx_word' id='word_1_222' title='bbox 671 2135 754 2182; x_wconf 89' lang='lat' dir='ltr'>intimi</span> <span class='ocrx_word' id='word_1_223' title='bbox 766 2136 905 2181; x_wconf 87' lang='lat' dir='ltr'>amicorum</span> <span class='ocrx_word' id='word_1_224' title='bbox 915 2135 967 2183; x_wconf 90' lang='lat' dir='ltr'>Vi·</span> 
     </span>
     <span class='ocr_line' id='line_1_29' title="bbox 60 2205 966 2273; baseline 0 -15"><span class='ocrx_word' id='word_1_225' title='bbox 60 2209 141 2266; x_wconf 84' lang='lat' dir='ltr'>tellii,</span> <span class='ocrx_word' id='word_1_226' title='bbox 154 2210 188 2256; x_wconf 84' lang='lat' dir='ltr'>ita</span> <span class='ocrx_word' id='word_1_227' title='bbox 202 2205 317 2269; x_wconf 81' lang='lat' dir='ltr'>formatis</span> <span class='ocrx_word' id='word_1_228' title='bbox 329 2206 450 2273; x_wconf 88' lang='lat' dir='ltr'>principis</span> <span class='ocrx_word' id='word_1_229' title='bbox 464 2206 584 2266; x_wconf 88' lang='lat' dir='ltr'>auribus,</span> <span class='ocrx_word' id='word_1_230' title='bbox 598 2215 627 2253; x_wconf 89' lang='lat' dir='ltr'>ut</span> <span class='ocrx_word' id='word_1_231' title='bbox 641 2222 741 2272; x_wconf 88' lang='lat' dir='ltr'>aspera,</span> <span class='ocrx_word' id='word_1_232' title='bbox 756 2223 808 2271; x_wconf 79' lang='lat' dir='ltr'>quae</span> <span class='ocrx_word' id='word_1_233' title='bbox 820 2206 904 2266; x_wconf 88' lang='lat' dir='ltr'>utilia,</span> <span class='ocrx_word' id='word_1_234' title='bbox 920 2223 966 2258; x_wconf 88' lang='lat' dir='ltr'>nec</span> 
     </span>
    </p>

    <p class='ocr_par' dir='ltr' id='par_1_8' title="bbox 6 2280 751 2349">
     <span class='ocr_line' id='line_1_30' title="bbox 6 2280 751 2349; baseline 0 -19"><span class='ocrx_word' id='word_1_235' title='bbox 6 2340 7 2343; x_wconf 7' lang='grc' dir='ltr'><strong>Ἰ</strong></span> <span class='ocrx_word' id='word_1_236' title='bbox 60 2280 212 2349; x_wconf 83' lang='lat' dir='ltr'>quidquam,</span> <span class='ocrx_word' id='word_1_237' title='bbox 225 2284 274 2332; x_wconf 89' lang='lat' dir='ltr'>uisi</span> <span class='ocrx_word' id='word_1_238' title='bbox 285 2280 424 2345; x_wconf 80' lang='lat' dir='ltr'>jucundum</span> <span class='ocrx_word' id='word_1_239' title='bbox 435 2292 461 2330; x_wconf 92' lang='lat' dir='ltr'>et</span> <span class='ocrx_word' id='word_1_240' title='bbox 472 2281 602 2340; x_wconf 79' lang='lat' dir='ltr'>laesurum,</span> <span class='ocrx_word' id='word_1_241' title='bbox 617 2282 751 2348; x_wconf 85' lang='lat' dir='ltr'>acciperet.</span> 
     </span>
    </p>
   </div>
   <div class='ocr_carea' id='block_1_7' title="bbox 8 2381 1039 3035">
    <p class='ocr_par' dir='ltr' id='par_1_9' title="bbox 8 2381 1039 3035">
     <span class='ocr_line' id='line_1_31' title="bbox 97 2381 967 2448; baseline 0.002 -17"><span class='ocrx_word' id='word_1_242' title='bbox 97 2381 175 2435; x_wconf 81' lang='lat' dir='ltr'><strong>LVII.</strong></span> <span class='ocrx_word' id='word_1_243' title='bbox 192 2384 241 2432; x_wconf 84' lang='lat' dir='ltr'>Sed</span> <span class='ocrx_word' id='word_1_244' title='bbox 259 2385 364 2432; x_wconf 90' lang='lat' dir='ltr'>classem</span> <span class='ocrx_word' id='word_1_245' title='bbox 385 2383 556 2433; x_wconf 86' lang='lat' dir='ltr'>Misenensem</span> <span class='ocrx_word' id='word_1_246' title='bbox 574 2382 684 2448; x_wconf 87' lang='lat' dir='ltr'>(tantum</span> <span class='ocrx_word' id='word_1_247' title='bbox 701 2382 818 2431; x_wconf 90' lang='lat' dir='ltr'>civilibus</span> <span class='ocrx_word' id='word_1_248' title='bbox 834 2381 967 2433; x_wconf 78' lang='lat' dir='ltr'>discordiIs</span> 
     </span>
     <span class='ocr_line' id='line_1_32' title="bbox 63 2454 966 2520; baseline 0 -16"><span class='ocrx_word' id='word_1_249' title='bbox 63 2457 141 2505; x_wconf 85' lang='lat' dir='ltr'>etiarn</span> <span class='ocrx_word' id='word_1_250' title='bbox 152 2457 308 2520; x_wconf 84' lang='lat' dir='ltr'>singulorum</span> <span class='ocrx_word' id='word_1_251' title='bbox 321 2455 424 2504; x_wconf 83' lang='lat' dir='ltr'>audacia</span> <span class='ocrx_word' id='word_1_252' title='bbox 435 2454 512 2520; x_wconf 82' lang='lat' dir='ltr'>vales)</span> <span class='ocrx_word' id='word_1_253' title='bbox 524 2455 646 2511; x_wconf 83' lang='lat' dir='ltr'>Claudius</span> <span class='ocrx_word' id='word_1_254' title='bbox 656 2455 825 2511; x_wconf 83' lang='lat' dir='ltr'>Faventinus,</span> <span class='ocrx_word' id='word_1_255' title='bbox 838 2457 966 2520; x_wconf 87' lang='lat' dir='ltr'>centurio,</span> 
     </span>
     <span class='ocr_line' id='line_1_33' title="bbox 63 2527 969 2594; baseline 0.001 -17"><span class='ocrx_word' id='word_1_256' title='bbox 63 2545 111 2593; x_wconf 84' lang='lat' dir='ltr'>per</span> <span class='ocrx_word' id='word_1_257' title='bbox 126 2529 291 2594; x_wconf 77' lang='lat' dir='ltr'>ignominiam</span> <span class='ocrx_word' id='word_1_258' title='bbox 308 2528 322 2576; x_wconf 78' lang='lat' dir='ltr'>ia</span> <span class='ocrx_word' id='word_1_259' title='bbox 337 2529 419 2576; x_wconf 75' lang='lat' dir='ltr'>Galbri</span> <span class='ocrx_word' id='word_1_260' title='bbox 434 2527 565 2584; x_wconf 85' lang='lat' dir='ltr'>dimissus,</span> <span class='ocrx_word' id='word_1_261' title='bbox 578 2528 610 2575; x_wconf 85' lang='lat' dir='ltr'>ud</span> <span class='ocrx_word' id='word_1_262' title='bbox 623 2527 789 2576; x_wconf 82' lang='lat' dir='ltr'>delectionem</span> <span class='ocrx_word' id='word_1_263' title='bbox 803 2529 890 2587; x_wconf 86' lang='lat' dir='ltr'>traxit,</span> <span class='ocrx_word' id='word_1_264' title='bbox 902 2529 969 2578; x_wconf 89' lang='lat' dir='ltr'>fictis</span> 
     </span>
     <span class='ocr_line' id='line_1_34' title="bbox 64 2601 969 2669; baseline -0.002 -15"><span class='ocrx_word' id='word_1_265' title='bbox 64 2603 212 2668; x_wconf 81' lang='lat' dir='ltr'>Vespasiani</span> <span class='ocrx_word' id='word_1_266' title='bbox 221 2605 337 2669; x_wconf 89' lang='lat' dir='ltr'>epistolis</span> <span class='ocrx_word' id='word_1_267' title='bbox 346 2604 456 2668; x_wconf 87' lang='lat' dir='ltr'>pretium</span> <span class='ocrx_word' id='word_1_268' title='bbox 467 2601 619 2667; x_wconf 83' lang='lat' dir='ltr'>proditionis</span> <span class='ocrx_word' id='word_1_269' title='bbox 628 2613 767 2652; x_wconf 84' lang='lat' dir='ltr'>ostentans.</span> <span class='ocrx_word' id='word_1_270' title='bbox 780 2601 887 2650; x_wconf 71' lang='lat' dir='ltr'>Praeerat</span> <span class='ocrx_word' id='word_1_271' title='bbox 896 2603 969 2658; x_wconf 80' lang='lat' dir='ltr'>classi</span> 
     </span>
     <span class='ocr_line' id='line_1_35' title="bbox 63 2675 968 2740; baseline -0.002 -15"><span class='ocrx_word' id='word_1_272' title='bbox 63 2676 187 2725; x_wconf 85' lang='lat' dir='ltr'>Claudius</span> <span class='ocrx_word' id='word_1_273' title='bbox 202 2675 374 2740; x_wconf 82' lang='lat' dir='ltr'>ApollinarIs,</span> <span class='ocrx_word' id='word_1_274' title='bbox 393 2675 549 2740; x_wconf 84' lang='lat' dir='ltr'>nequefidei</span> <span class='ocrx_word' id='word_1_275' title='bbox 565 2687 697 2730; x_wconf 86' lang='lat' dir='ltr'>constans,</span> <span class='ocrx_word' id='word_1_276' title='bbox 713 2690 794 2737; x_wconf 87' lang='lat' dir='ltr'>neque</span> <span class='ocrx_word' id='word_1_277' title='bbox 809 2686 926 2724; x_wconf 74' lang='lat' dir='ltr'>strenuus</span> <span class='ocrx_word' id='word_1_278' title='bbox 942 2675 968 2723; x_wconf 92' lang='lat' dir='ltr'>iu</span> 
     </span>
     <span class='ocr_line' id='line_1_36' title="bbox 62 2747 970 2816; baseline 0 -19"><span class='ocrx_word' id='word_1_279' title='bbox 62 2748 167 2816; x_wconf 81' lang='lat' dir='ltr'>perfidiis</span> <span class='ocrx_word' id='word_1_280' title='bbox 179 2768 185 2796; x_wconf 79' lang='lat' dir='ltr'>z</span> <span class='ocrx_word' id='word_1_281' title='bbox 197 2761 224 2798; x_wconf 90' lang='lat' dir='ltr'>et</span> <span class='ocrx_word' id='word_1_282' title='bbox 233 2748 342 2816; x_wconf 86' lang='lat' dir='ltr'>Apinius</span> <span class='ocrx_word' id='word_1_283' title='bbox 350 2750 426 2804; x_wconf 87' lang='lat' dir='ltr'>Tiro,</span> <span class='ocrx_word' id='word_1_284' title='bbox 438 2750 547 2814; x_wconf 74' lang='lat' dir='ltr'>praetura</span> <span class='ocrx_word' id='word_1_285' title='bbox 560 2748 670 2805; x_wconf 87' lang='lat' dir='ltr'>Iunctus,</span> <span class='ocrx_word' id='word_1_286' title='bbox 681 2764 709 2796; x_wconf 89' lang='lat' dir='ltr'>ac</span> <span class='ocrx_word' id='word_1_287' title='bbox 722 2762 776 2797; x_wconf 91' lang='lat' dir='ltr'>tum</span> <span class='ocrx_word' id='word_1_288' title='bbox 787 2747 851 2797; x_wconf 71' lang='lat' dir='ltr'>forte</span> <span class='ocrx_word' id='word_1_289' title='bbox 862 2748 970 2798; x_wconf 89' lang='lat' dir='ltr'>Mintur·</span> 
     </span>
     <span class='ocr_line' id='line_1_37' title="bbox 64 2820 1039 2889; baseline -0.001 -16"><span class='ocrx_word' id='word_1_290' title='bbox 64 2824 105 2873; x_wconf 86' lang='lat' dir='ltr'>uis</span> <span class='ocrx_word' id='word_1_291' title='bbox 121 2839 205 2888; x_wconf 82' lang='lat' dir='ltr'>agens.</span> <span class='ocrx_word' id='word_1_292' title='bbox 229 2821 321 2873; x_wconf 88' lang='lat' dir='ltr'>ducem</span> <span class='ocrx_word' id='word_1_293' title='bbox 336 2838 363 2871; x_wconf 87' lang='lat' dir='ltr'>se</span> <span class='ocrx_word' id='word_1_294' title='bbox 377 2820 549 2870; x_wconf 83' lang='lat' dir='ltr'>delectoribus</span> <span class='ocrx_word' id='word_1_295' title='bbox 564 2822 659 2870; x_wconf 89' lang='lat' dir='ltr'>obtulit</span> <span class='ocrx_word' id='word_1_296' title='bbox 674 2839 679 2869; x_wconf 94' lang='lat'><strong>:</strong></span> <span class='ocrx_word' id='word_1_297' title='bbox 695 2821 708 2870; x_wconf 73' lang='lat' dir='ltr'>d</span> <span class='ocrx_word' id='word_1_298' title='bbox 724 2823 814 2886; x_wconf 88' lang='lat' dir='ltr'>quibus</span> <span class='ocrx_word' id='word_1_299' title='bbox 831 2824 970 2889; x_wconf 85' lang='lat' dir='ltr'>municipia</span> <span class='ocrx_word' id='word_1_300' title='bbox 1037 2837 1039 2840; x_wconf 88' lang='grc'><strong><em>·</em></strong></span> 
     </span>
     <span class='ocr_line' id='line_1_38' title="bbox 8 2895 970 2963; baseline 0 -17"><span class='ocrx_word' id='word_1_301' title='bbox 8 2952 9 2963; x_wconf 23' lang='lat'>2</span> <span class='ocrx_word' id='word_1_302' title='bbox 63 2896 217 2960; x_wconf 77' lang='lat' dir='ltr'>coloniaeque</span> <span class='ocrx_word' id='word_1_303' title='bbox 236 2897 369 2962; x_wconf 87' lang='lat' dir='ltr'>impulsae:</span> <span class='ocrx_word' id='word_1_304' title='bbox 384 2896 511 2960; x_wconf 74' lang='lat' dir='ltr'>praecipuo</span> <span class='ocrx_word' id='word_1_305' title='bbox 528 2895 726 2957; x_wconf 69' lang='lat' dir='ltr'>Buteolenorum</span> <span class='ocrx_word' id='word_1_306' title='bbox 743 2897 767 2943; x_wconf 90' lang='lat' dir='ltr'>in</span> <span class='ocrx_word' id='word_1_307' title='bbox 783 2895 970 2963; x_wconf 83' lang='lat' dir='ltr'>Vespasianum</span> 
     </span>
     <span class='ocr_line' id='line_1_39' title="bbox 63 2968 969 3035; baseline -0.006 -14"><span class='ocrx_word' id='word_1_308' title='bbox 63 2969 163 3028; x_wconf 84' lang='lat' dir='ltr'>studio,</span> <span class='ocrx_word' id='word_1_309' title='bbox 179 2969 267 3019; x_wconf 75' lang='lat' dir='ltr'>contris</span> <span class='ocrx_word' id='word_1_310' title='bbox 282 2971 367 3035; x_wconf 74' lang='lat' dir='ltr'>Capitis</span> <span class='ocrx_word' id='word_1_311' title='bbox 383 2969 490 3020; x_wconf 89' lang='lat' dir='ltr'>Vitellio</span> <span class='ocrx_word' id='word_1_312' title='bbox 508 2968 573 3026; x_wconf 73' lang='lat' dir='ltr'>fids,</span> <span class='ocrx_word' id='word_1_313' title='bbox 590 2969 769 3034; x_wconf 82' lang='lat' dir='ltr'>municipalem</span> <span class='ocrx_word' id='word_1_314' title='bbox 783 2971 969 3019; x_wconf 65' lang='lat' dir='ltr'>aemulationem</span> 
     </span>
    </p>
   </div>
   <div class='ocr_carea' id='block_1_8' title="bbox 8 3037 1044 3108">
    <p class='ocr_par' dir='ltr' id='par_1_10' title="bbox 8 3037 1044 3108">
     <span class='ocr_line' id='line_1_40' title="bbox 8 3037 1044 3108; baseline -0.005 -13"><span class='ocrx_word' id='word_1_315' title='bbox 8 3070 10 3076; x_wconf 36' lang='lat'>⁸</span> <span class='ocrx_word' id='word_1_316' title='bbox 63 3045 138 3095; x_wconf 83' lang='lat' dir='ltr'>bellis</span> <span class='ocrx_word' id='word_1_317' title='bbox 148 3045 266 3093; x_wconf 82' lang='lat' dir='ltr'>civilibus</span> <span class='ocrx_word' id='word_1_318' title='bbox 276 3046 424 3094; x_wconf 85' lang='lat' dir='ltr'>miscebant.</span> <span class='ocrx_word' id='word_1_319' title='bbox 434 3045 555 3095; x_wconf 87' lang='lat' dir='ltr'>Vitellius</span> <span class='ocrx_word' id='word_1_320' title='bbox 566 3044 701 3104; x_wconf 77' lang='lat' dir='ltr'>Claudium</span> <span class='ocrx_word' id='word_1_321' title='bbox 710 3045 840 3096; x_wconf 79' lang='lat' dir='ltr'>lulianum</span> <span class='ocrx_word' id='word_1_322' title='bbox 849 3045 879 3108; x_wconf 82' lang='lat' dir='ltr'>(is</span> <span class='ocrx_word' id='word_1_323' title='bbox 889 3058 970 3107; x_wconf 89' lang='lat' dir='ltr'>nuper</span> <span class='ocrx_word' id='word_1_324' title='bbox 1041 3037 1044 3041; x_wconf 49' lang='lat'><strong>⁴</strong></span> 
     </span>
    </p>
   </div>
   <div class='ocr_carea' id='block_1_9' title="bbox 8 3115 971 3328">
    <p class='ocr_par' dir='ltr' id='par_1_11' title="bbox 8 3115 971 3328">
     <span class='ocr_line' id='line_1_41' title="bbox 8 3115 971 3185; baseline -0.006 -16"><span class='ocrx_word' id='word_1_325' title='bbox 8 3124 9 3129; x_wconf 74' lang='grc'>’</span> <span class='ocrx_word' id='word_1_326' title='bbox 61 3120 167 3169; x_wconf 89' lang='lat' dir='ltr'>classem</span> <span class='ocrx_word' id='word_1_327' title='bbox 178 3119 348 3167; x_wconf 82' lang='lat' dir='ltr'>Misenensem</span> <span class='ocrx_word' id='word_1_328' title='bbox 356 3117 429 3165; x_wconf 89' lang='lat' dir='ltr'>molli</span> <span class='ocrx_word' id='word_1_329' title='bbox 447 3119 683 3185; x_wconf 25' lang='lat' dir='ltr'>imperiotrexerat)</span> <span class='ocrx_word' id='word_1_330' title='bbox 700 3115 886 3183; x_wconf 89' lang='lat' dir='ltr'>permulcendis</span> <span class='ocrx_word' id='word_1_331' title='bbox 900 3116 971 3164; x_wconf 90' lang='lat' dir='ltr'>mili·</span> 
     </span>
     <span class='ocr_line' id='line_1_42' title="bbox 67 3183 970 3252; baseline -0.007 -11"><span class='ocrx_word' id='word_1_332' title='bbox 67 3205 121 3241; x_wconf 86' lang='lat' dir='ltr'>tum</span> <span class='ocrx_word' id='word_1_333' title='bbox 132 3191 222 3238; x_wconf 84' lang='lat' dir='ltr'>animis</span> <span class='ocrx_word' id='word_1_334' title='bbox 236 3191 332 3248; x_wconf 76' lang='lat' dir='ltr'>delegit</span> <span class='ocrx_word' id='word_1_335' title='bbox 341 3183 350 3239; x_wconf 56' lang='lat' dir='ltr'>&#39;z</span> <span class='ocrx_word' id='word_1_336' title='bbox 363 3189 422 3238; x_wconf 86' lang='lat' dir='ltr'>data</span> <span class='ocrx_word' id='word_1_337' title='bbox 434 3190 459 3236; x_wconf 90' lang='lat' dir='ltr'>in</span> <span class='ocrx_word' id='word_1_338' title='bbox 474 3192 597 3238; x_wconf 83' lang='lat' dir='ltr'>auxilium</span> <span class='ocrx_word' id='word_1_339' title='bbox 609 3191 704 3240; x_wconf 90' lang='lat' dir='ltr'>urbana</span> <span class='ocrx_word' id='word_1_340' title='bbox 715 3188 818 3246; x_wconf 87' lang='lat' dir='ltr'>cohors,</span> <span class='ocrx_word' id='word_1_341' title='bbox 834 3199 859 3235; x_wconf 89' lang='lat' dir='ltr'>et</span> <span class='ocrx_word' id='word_1_342' title='bbox 870 3187 970 3252; x_wconf 75' lang='lat' dir='ltr'>gladia-</span> 
     </span>
     <span class='ocr_line' id='line_1_43' title="bbox 68 3261 970 3328; baseline -0.009 -12"><span class='ocrx_word' id='word_1_343' title='bbox 68 3279 144 3323; x_wconf 78' lang='lat' dir='ltr'>tores,</span> <span class='ocrx_word' id='word_1_344' title='bbox 156 3264 248 3328; x_wconf 87' lang='lat' dir='ltr'>quihus</span> <span class='ocrx_word' id='word_1_345' title='bbox 259 3266 373 3314; x_wconf 75' lang='lat' dir='ltr'>Julianus</span> <span class='ocrx_word' id='word_1_346' title='bbox 386 3275 500 3328; x_wconf 75' lang='lat' dir='ltr'>praeerat.</span> <span class='ocrx_word' id='word_1_347' title='bbox 511 3263 548 3311; x_wconf 92' lang='lat' dir='ltr'>Ut</span> <span class='ocrx_word' id='word_1_348' title='bbox 561 3264 651 3311; x_wconf 85' lang='lat' dir='ltr'>collata</span> <span class='ocrx_word' id='word_1_349' title='bbox 664 3264 789 3324; x_wconf 88' lang='lat' dir='ltr'>utrimque</span> <span class='ocrx_word' id='word_1_350' title='bbox 799 3273 889 3320; x_wconf 86' lang='lat' dir='ltr'>castra,</span> <span class='ocrx_word' id='word_1_351' title='bbox 903 3261 970 3308; x_wconf 85' lang='lat' dir='ltr'>baud</span> 
     </span>
    </p>
   </div>
   <div class='ocr_carea' id='block_1_10' title="bbox 63 3336 969 3419">
    <p class='ocr_par' dir='ltr' id='par_1_12' title="bbox 63 3336 969 3419">
     <span class='ocr_line' id='line_1_44' title="bbox 63 3336 969 3419; baseline -0.017 -25"><span class='ocrx_word' id='word_1_352' title='bbox 63 3340 323 3419; x_wconf 61' lang='lat' dir='ltr'>magnbcunctadane</span> <span class='ocrx_word' id='word_1_353' title='bbox 332 3339 435 3391; x_wconf 82' lang='lat' dir='ltr'>Iuliano</span> <span class='ocrx_word' id='word_1_354' title='bbox 442 3336 468 3388; x_wconf 88' lang='lat' dir='ltr'>in</span> <span class='ocrx_word' id='word_1_355' title='bbox 478 3349 563 3405; x_wconf 85' lang='lat' dir='ltr'>partes</span> <span class='ocrx_word' id='word_1_356' title='bbox 573 3338 725 3404; x_wconf 87' lang='lat' dir='ltr'>Vespasiani</span> <span class='ocrx_word' id='word_1_357' title='bbox 736 3336 969 3401; x_wconf 78' lang='lat' dir='ltr'>transgresso,·Tar.</span> 
     </span>
    </p>
   </div>
   <div class='ocr_carea' id='block_1_11' title="bbox 0 0 1067 3709">
    <p class='ocr_par' dir='ltr' id='par_1_13' title="bbox 0 0 1067 3709">
     <span class='ocr_line' id='line_1_45' title="bbox 0 0 1067 3709; baseline 0 0"><span class='ocrx_word' id='word_1_358' title='bbox 0 0 1067 3709; x_wconf 95' lang='lat' dir='ltr'> </span> 
     </span>
    </p>
   </div>
  </div>
 </body>
</html>
