<?xml version="1.0" encoding="UTF-8"?>
<!DOCTYPE html PUBLIC "-//W3C//DTD XHTML 1.0 Transitional//EN"
    "http://www.w3.org/TR/xhtml1/DTD/xhtml1-transitional.dtd">
<html xmlns="http://www.w3.org/1999/xhtml" xml:lang="en" lang="en">
 <head>
  <title>
</title>
<meta http-equiv="Content-Type" content="text/html;charset=utf-8" />
  <meta name='ocr-system' content='tesseract 3.04.00' />
  <meta name='ocr-capabilities' content='ocr_page ocr_carea ocr_par ocr_line ocrx_word'/>
</head>
<body>
  <div class='ocr_page' id='page_1' title='image "./ccorntacitioper00brotgoog_0454.png"; bbox 0 0 2100 3709; ppageno 0'>
   <div class='ocr_carea' id='block_1_1' title="bbox 36 83 958 244">
    <p class='ocr_par' dir='ltr' id='par_1_1' title="bbox 36 83 958 244">
     <span class='ocr_line' id='line_1_1' title="bbox 335 83 958 138; baseline 0.008 -6"><span class='ocrx_word' id='word_1_1' title='bbox 335 93 576 132; x_wconf 79' lang='lat' dir='ltr'>rtreroartnotr</span> <span class='ocrx_word' id='word_1_2' title='bbox 593 95 661 133; x_wconf 80' lang='lat' dir='ltr'>ura.</span> <span class='ocrx_word' id='word_1_3' title='bbox 679 97 698 131; x_wconf 79' lang='lat' dir='ltr'>v</span> <span class='ocrx_word' id='word_1_4' title='bbox 910 83 958 138; x_wconf 76' lang='lat'>451</span> 
     </span>
     <span class='ocr_line' id='line_1_2' title="bbox 36 173 958 244; baseline 0.008 -19"><span class='ocrx_word' id='word_1_5' title='bbox 36 175 147 243; x_wconf 75' lang='lat' dir='ltr'>oepdre.</span> <span class='ocrx_word' id='word_1_6' title='bbox 156 173 365 244; x_wconf 74' lang='lat' dir='ltr'>Addiditisyrilt</span> <span class='ocrx_word' id='word_1_7' title='bbox 372 173 559 237; x_wconf 75' lang='lat' dir='ltr'><strong>duodecimam,</strong></span> <span class='ocrx_word' id='word_1_8' title='bbox 567 188 593 227; x_wconf 90' lang='lat' dir='ltr'>et</span> <span class='ocrx_word' id='word_1_9' title='bbox 598 177 722 228; x_wconf 83' lang='lat' dir='ltr'>adductos</span> <span class='ocrx_word' id='word_1_10' title='bbox 729 177 883 229; x_wconf 76' lang='lat' dir='ltr'>Alexandril</span> <span class='ocrx_word' id='word_1_11' title='bbox 894 179 958 232; x_wconf 89' lang='lat' dir='ltr'>duo-</span> 
     </span>
    </p>
   </div>
   <div class='ocr_carea' id='block_1_2' title="bbox 40 252 1001 1725">
    <p class='ocr_par' dir='ltr' id='par_1_2' title="bbox 40 252 967 766">
     <span class='ocr_line' id='line_1_3' title="bbox 40 252 956 318; baseline 0.007 -17"><span class='ocrx_word' id='word_1_12' title='bbox 40 252 247 302; x_wconf 83' lang='lat' dir='ltr'>etviceeimanor</span> <span class='ocrx_word' id='word_1_13' title='bbox 259 254 437 315; x_wconf 85' lang='lat' dir='ltr'>tertianotque.</span> <span class='ocrx_word' id='word_1_14' title='bbox 445 253 734 318; x_wconf 79' lang='lat' dir='ltr'>Comitalranturvigioti</span> <span class='ocrx_word' id='word_1_15' title='bbox 743 255 816 302; x_wconf 76' lang='lat' dir='ltr'>tocie</span> <span class='ocrx_word' id='word_1_16' title='bbox 825 253 956 318; x_wconf 84' lang='lat' dir='ltr'>cohortes,</span> 
     </span>
     <span class='ocr_line' id='line_1_4' title="bbox 44 323 963 392; baseline 0.007 -18"><span class='ocrx_word' id='word_1_17' title='bbox 44 335 111 374; x_wconf 87' lang='lat' dir='ltr'>octo</span> <span class='ocrx_word' id='word_1_18' title='bbox 119 325 237 388; x_wconf 88' lang='lat' dir='ltr'>equitnm</span> <span class='ocrx_word' id='word_1_19' title='bbox 247 323 304 374; x_wconf 77' lang='lat' dir='ltr'>ala:</span> <span class='ocrx_word' id='word_1_20' title='bbox 314 324 390 372; x_wconf 89' lang='lat' dir='ltr'>simul</span> <span class='ocrx_word' id='word_1_21' title='bbox 398 324 519 392; x_wconf 66' lang='lat' dir='ltr'>Agrippa,</span> <span class='ocrx_word' id='word_1_22' title='bbox 528 326 963 392; x_wconf 79' lang='lat' dir='ltr'>Sohemusquereges,etauxiliare·</span> 
     </span>
     <span class='ocr_line' id='line_1_5' title="bbox 48 397 965 465; baseline 0.001 -18"><span class='ocrx_word' id='word_1_23' title='bbox 48 400 93 464; x_wconf 76' lang='lat' dir='ltr'>gis</span> <span class='ocrx_word' id='word_1_24' title='bbox 102 398 239 457; x_wconf 80' lang='lat' dir='ltr'><strong>Antiochi,</strong></span> <span class='ocrx_word' id='word_1_25' title='bbox 247 398 389 465; x_wconf 74' lang='lat' dir='ltr'>validaque,</span> <span class='ocrx_word' id='word_1_26' title='bbox 397 411 432 457; x_wconf 91' lang='lat' dir='ltr'>et,</span> <span class='ocrx_word' id='word_1_27' title='bbox 438 401 515 450; x_wconf 81' lang='lat' dir='ltr'>solito</span> <span class='ocrx_word' id='word_1_28' title='bbox 522 402 692 462; x_wconf 24' lang='lat' dir='ltr'>interlaccoles</span> <span class='ocrx_word' id='word_1_29' title='bbox 699 401 766 460; x_wconf 87' lang='lat' dir='ltr'>odio,</span> <span class='ocrx_word' id='word_1_30' title='bbox 774 401 868 452; x_wconf 82' lang='lat' dir='ltr'>infensa</span> <span class='ocrx_word' id='word_1_31' title='bbox 873 397 965 452; x_wconf 70' lang='lat' dir='ltr'>iudeis</span> 
     </span>
     <span class='ocr_line' id='line_1_6' title="bbox 47 473 965 543; baseline -0.002 -19"><span class='ocrx_word' id='word_1_32' title='bbox 47 473 175 524; x_wconf 86' lang='lat' dir='ltr'>Arabum</span> <span class='ocrx_word' id='word_1_33' title='bbox 185 491 278 524; x_wconf 87' lang='lat' dir='ltr'>manue</span> <span class='ocrx_word' id='word_1_34' title='bbox 286 493 293 524; x_wconf 74' lang='grc' dir='ltr'><strong><em>ε</em></strong></span> <span class='ocrx_word' id='word_1_35' title='bbox 302 475 391 535; x_wconf 89' lang='lat' dir='ltr'>multi,</span> <span class='ocrx_word' id='word_1_36' title='bbox 403 489 467 540; x_wconf 88' lang='lat' dir='ltr'>quos</span> <span class='ocrx_word' id='word_1_37' title='bbox 479 477 541 524; x_wconf 88' lang='lat' dir='ltr'>urbe</span> <span class='ocrx_word' id='word_1_38' title='bbox 553 487 628 541; x_wconf 85' lang='lat' dir='ltr'>atque</span> <span class='ocrx_word' id='word_1_39' title='bbox 638 474 710 526; x_wconf 73' lang='lat' dir='ltr'>tutta</span> <span class='ocrx_word' id='word_1_40' title='bbox 719 493 763 525; x_wconf 82' lang='lat' dir='ltr'>sua</span> <span class='ocrx_word' id='word_1_41' title='bbox 771 492 896 543; x_wconf 88' lang='lat' dir='ltr'>quemque</span> <span class='ocrx_word' id='word_1_42' title='bbox 906 487 965 541; x_wconf 78' lang='lat' dir='ltr'>sper</span> 
     </span>
     <span class='ocr_line' id='line_1_7' title="bbox 50 547 966 617; baseline -0.001 -20"><span class='ocrx_word' id='word_1_43' title='bbox 50 549 187 600; x_wconf 72' lang='lat' dir='ltr'>acciverat</span> <span class='ocrx_word' id='word_1_44' title='bbox 193 583 202 608; x_wconf 97' lang='lat'>,</span> <span class='ocrx_word' id='word_1_45' title='bbox 214 547 356 615; x_wconf 86' lang='lat' dir='ltr'>occupandi</span> <span class='ocrx_word' id='word_1_46' title='bbox 364 551 502 616; x_wconf 74' lang='lat' dir='ltr'><strong>principem</strong></span> <span class='ocrx_word' id='word_1_47' title='bbox 511 549 595 598; x_wconf 86' lang='lat' dir='ltr'>adhuc</span> <span class='ocrx_word' id='word_1_48' title='bbox 603 566 718 600; x_wconf 83' lang='lat' dir='ltr'>vacuum.</span> <span class='ocrx_word' id='word_1_49' title='bbox 726 551 774 600; x_wconf 87' lang='lat' dir='ltr'>His</span> <span class='ocrx_word' id='word_1_50' title='bbox 784 567 842 602; x_wconf 88' lang='lat' dir='ltr'>cttm</span> <span class='ocrx_word' id='word_1_51' title='bbox 851 550 929 617; x_wconf 85' lang='lat' dir='ltr'>copiis</span> <span class='ocrx_word' id='word_1_52' title='bbox 937 548 966 596; x_wconf 86' lang='lat' dir='ltr'>ii·</span> 
     </span>
     <span class='ocr_line' id='line_1_8' title="bbox 48 624 967 692; baseline 0 -19"><span class='ocrx_word' id='word_1_53' title='bbox 48 641 101 676; x_wconf 84' lang='lat' dir='ltr'>nea</span> <span class='ocrx_word' id='word_1_54' title='bbox 111 624 225 674; x_wconf 79' lang='lat' dir='ltr'>boetium</span> <span class='ocrx_word' id='word_1_55' title='bbox 234 625 372 691; x_wconf 74' lang='lat' dir='ltr'>ingrertns,</span> <span class='ocrx_word' id='word_1_56' title='bbox 381 626 524 692; x_wconf 85' lang='lat' dir='ltr'>composito</span> <span class='ocrx_word' id='word_1_57' title='bbox 532 627 646 688; x_wconf 80' lang='lat' dir='ltr'>agmine,</span> <span class='ocrx_word' id='word_1_58' title='bbox 658 635 749 690; x_wconf 77' lang='lat' dir='ltr'>cuncta</span> <span class='ocrx_word' id='word_1_59' title='bbox 759 628 906 692; x_wconf 80' lang='lat' dir='ltr'>explorans,</span> <span class='ocrx_word' id='word_1_60' title='bbox 920 639 967 691; x_wconf 84' lang='lat' dir='ltr'>pa-</span> 
     </span>
     <span class='ocr_line' id='line_1_9' title="bbox 48 696 892 766; baseline 0.002 -19"><span class='ocrx_word' id='word_1_61' title='bbox 48 709 177 762; x_wconf 81' lang='lat' dir='ltr'>ratusque</span> <span class='ocrx_word' id='word_1_62' title='bbox 189 696 341 757; x_wconf 89' lang='lat' dir='ltr'>decernere,</span> <span class='ocrx_word' id='word_1_63' title='bbox 353 697 420 747; x_wconf 85' lang='lat' dir='ltr'>haud</span> <span class='ocrx_word' id='word_1_64' title='bbox 434 697 524 763; x_wconf 89' lang='lat' dir='ltr'>procul</span> <span class='ocrx_word' id='word_1_65' title='bbox 535 699 719 766; x_wconf 81' lang='lat' dir='ltr'>Hierosolymis</span> <span class='ocrx_word' id='word_1_66' title='bbox 730 711 812 749; x_wconf 84' lang='lat' dir='ltr'>castra</span> <span class='ocrx_word' id='word_1_67' title='bbox 824 699 892 750; x_wconf 73' lang='lat' dir='ltr'>ladit.</span> 
     </span>
    </p>

    <p class='ocr_par' dir='ltr' id='par_1_3' title="bbox 51 769 1001 1725">
     <span class='ocr_line' id='line_1_10' title="bbox 93 769 969 838; baseline 0.002 -21"><span class='ocrx_word' id='word_1_68' title='bbox 93 769 132 822; x_wconf 85' lang='grc' dir='ltr'>Π.</span> <span class='ocrx_word' id='word_1_69' title='bbox 147 769 198 820; x_wconf 84' lang='lat' dir='ltr'>Sed</span> <span class='ocrx_word' id='word_1_70' title='bbox 209 771 269 835; x_wconf 86' lang='lat' dir='ltr'>quia</span> <span class='ocrx_word' id='word_1_71' title='bbox 283 770 384 822; x_wconf 74' lang='lat' dir='ltr'>famosae</span> <span class='ocrx_word' id='word_1_72' title='bbox 398 771 467 820; x_wconf 88' lang='lat' dir='ltr'>urbit</span> <span class='ocrx_word' id='word_1_73' title='bbox 481 787 627 838; x_wconf 73' lang='lat' dir='ltr'>supremum</span> <span class='ocrx_word' id='word_1_74' title='bbox 645 772 713 822; x_wconf 89' lang='lat' dir='ltr'>diem</span> <span class='ocrx_word' id='word_1_75' title='bbox 731 774 849 824; x_wconf 84' lang='lat' dir='ltr'>tradituri</span> <span class='ocrx_word' id='word_1_76' title='bbox 865 787 969 830; x_wconf 79' lang='lat' dir='ltr'>sumus,</span> 
     </span>
     <span class='ocr_line' id='line_1_11' title="bbox 51 845 968 916; baseline -0.001 -20"><span class='ocrx_word' id='word_1_77' title='bbox 51 861 203 912; x_wconf 71' lang='lat' dir='ltr'>congruens</span> <span class='ocrx_word' id='word_1_78' title='bbox 212 845 313 895; x_wconf 81' lang='lat' dir='ltr'>videtur</span> <span class='ocrx_word' id='word_1_79' title='bbox 322 845 461 912; x_wconf 86' lang='lat' dir='ltr'>primordia</span> <span class='ocrx_word' id='word_1_80' title='bbox 470 845 524 911; x_wconf 80' lang='lat' dir='ltr'>ejus</span> <span class='ocrx_word' id='word_1_81' title='bbox 532 848 641 916; x_wconf 73' lang='lat' dir='ltr'>pperire.</span> <span class='ocrx_word' id='word_1_82' title='bbox 656 847 775 898; x_wconf 76' lang='lat' dir='ltr'>oludaoa</span> <span class='ocrx_word' id='word_1_83' title='bbox 783 885 790 910; x_wconf 94' lang='lat'>‚</span> <span class='ocrx_word' id='word_1_84' title='bbox 798 848 874 898; x_wconf 75' lang='lat' dir='ltr'>creti</span> <span class='ocrx_word' id='word_1_85' title='bbox 885 845 968 895; x_wconf 72' lang='lat' dir='ltr'>insula</span> 
     </span>
     <span class='ocr_line' id='line_1_12' title="bbox 53 917 1001 988; baseline -0.002 -20"><span class='ocrx_word' id='word_1_86' title='bbox 53 919 195 988; x_wconf 69' lang='lat' dir='ltr'>profugos,</span> <span class='ocrx_word' id='word_1_87' title='bbox 213 921 351 968; x_wconf 78' lang='lat' dir='ltr'>novissima</span> <span class='ocrx_word' id='word_1_88' title='bbox 367 920 452 988; x_wconf 75' lang='lat' dir='ltr'>tybia</span> <span class='ocrx_word' id='word_1_89' title='bbox 472 919 617 970; x_wconf 77' lang='lat' dir='ltr'>insedisset)</span> <span class='ocrx_word' id='word_1_90' title='bbox 637 932 800 980; x_wconf 85' lang='lat' dir='ltr'>memorant,</span> <span class='ocrx_word' id='word_1_91' title='bbox 815 921 887 986; x_wconf 78' lang='lat' dir='ltr'>oqui</span> <span class='ocrx_word' id='word_1_92' title='bbox 898 933 968 968; x_wconf 87' lang='lat' dir='ltr'>tem·</span> <span class='ocrx_word' id='word_1_93' title='bbox 997 917 1001 927; x_wconf 81' lang='lat'><em>&#39;</em></span> 
     </span>
     <span class='ocr_line' id='line_1_13' title="bbox 53 991 969 1062; baseline -0.002 -21"><span class='ocrx_word' id='word_1_94' title='bbox 53 1001 158 1058; x_wconf 83' lang='lat' dir='ltr'>pestate</span> <span class='ocrx_word' id='word_1_95' title='bbox 172 993 312 1055; x_wconf 83' lang='lat' dir='ltr'>Saturnus,</span> <span class='ocrx_word' id='word_1_96' title='bbox 329 994 357 1040; x_wconf 83' lang='lat' dir='ltr'>vi</span> <span class='ocrx_word' id='word_1_97' title='bbox 367 994 438 1041; x_wconf 82' lang='lat' dir='ltr'>iovis</span> <span class='ocrx_word' id='word_1_98' title='bbox 455 991 559 1059; x_wconf 81' lang='lat' dir='ltr'>pulsus,</span> <span class='ocrx_word' id='word_1_99' title='bbox 574 995 678 1044; x_wconf 84' lang='lat' dir='ltr'>cesserit</span> <span class='ocrx_word' id='word_1_100' title='bbox 688 998 805 1062; x_wconf 73' lang='lat' dir='ltr'>regnis».</span> <span class='ocrx_word' id='word_1_101' title='bbox 823 994 969 1059; x_wconf 76' lang='lat' dir='ltr'>Argumen-</span> 
     </span>
     <span class='ocr_line' id='line_1_14' title="bbox 53 1064 971 1132; baseline -0.004 -18"><span class='ocrx_word' id='word_1_102' title='bbox 53 1064 138 1114; x_wconf 78' lang='lat' dir='ltr'>tumi</span> <span class='ocrx_word' id='word_1_103' title='bbox 148 1068 250 1115; x_wconf 87' lang='lat' dir='ltr'>nomine</span> <span class='ocrx_word' id='word_1_104' title='bbox 259 1067 370 1132; x_wconf 88' lang='lat' dir='ltr'>petitur,</span> <span class='ocrx_word' id='word_1_105' title='bbox 380 1065 524 1132; x_wconf 75' lang='lat' dir='ltr'>«inclytum</span> <span class='ocrx_word' id='word_1_106' title='bbox 530 1068 557 1113; x_wconf 92' lang='lat' dir='ltr'>in</span> <span class='ocrx_word' id='word_1_107' title='bbox 568 1069 643 1122; x_wconf 71' lang='lat' dir='ltr'>Croti</span> <span class='ocrx_word' id='word_1_108' title='bbox 651 1065 724 1117; x_wconf 88' lang='lat' dir='ltr'>Idam</span> <span class='ocrx_word' id='word_1_109' title='bbox 735 1080 864 1126; x_wconf 86' lang='lat' dir='ltr'>montem,</span> <span class='ocrx_word' id='word_1_110' title='bbox 874 1065 971 1116; x_wconf 87' lang='lat' dir='ltr'>accolas</span> 
     </span>
     <span class='ocr_line' id='line_1_15' title="bbox 55 1137 972 1205; baseline -0.001 -18"><span class='ocrx_word' id='word_1_111' title='bbox 55 1137 158 1200; x_wconf 81' lang='lat' dir='ltr'>ldaeoi,</span> <span class='ocrx_word' id='word_1_112' title='bbox 171 1152 246 1189; x_wconf 87' lang='lat' dir='ltr'>aucto</span> <span class='ocrx_word' id='word_1_113' title='bbox 259 1141 284 1188; x_wconf 92' lang='lat' dir='ltr'>iu</span> <span class='ocrx_word' id='word_1_114' title='bbox 296 1138 434 1203; x_wconf 70' lang='lat' dir='ltr'>barbarum</span> <span class='ocrx_word' id='word_1_115' title='bbox 444 1150 631 1204; x_wconf 71' lang='lat' dir='ltr'>cognomento,</span> <span class='ocrx_word' id='word_1_116' title='bbox 643 1141 742 1190; x_wconf 76' lang='lat' dir='ltr'>Judreor</span> <span class='ocrx_word' id='word_1_117' title='bbox 753 1143 893 1192; x_wconf 74' lang='lat' dir='ltr'>vocitari».</span> <span class='ocrx_word' id='word_1_118' title='bbox 905 1138 972 1205; x_wconf 84' lang='lat' dir='ltr'>Qui-</span> 
     </span>
     <span class='ocr_line' id='line_1_16' title="bbox 56 1211 970 1281; baseline -0.002 -19"><span class='ocrx_word' id='word_1_119' title='bbox 56 1212 136 1274; x_wconf 87' lang='lat' dir='ltr'>dam,</span> <span class='ocrx_word' id='word_1_120' title='bbox 148 1224 287 1278; x_wconf 75' lang='lat' dir='ltr'>«regnante</span> <span class='ocrx_word' id='word_1_121' title='bbox 297 1211 379 1273; x_wconf 82' lang='lat' dir='ltr'>Iside,</span> <span class='ocrx_word' id='word_1_122' title='bbox 388 1212 559 1262; x_wconf 76' lang='lat' dir='ltr'>exundantem</span> <span class='ocrx_word' id='word_1_123' title='bbox 570 1227 615 1276; x_wconf 86' lang='lat' dir='ltr'>per</span> <span class='ocrx_word' id='word_1_124' title='bbox 622 1213 761 1281; x_wconf 75' lang='lat' dir='ltr'>AEgyptum</span> <span class='ocrx_word' id='word_1_125' title='bbox 769 1214 970 1273; x_wconf 73' lang='lat' dir='ltr'>multitudinem,</span> 
     </span>
     <span class='ocr_line' id='line_1_17' title="bbox 56 1287 970 1356; baseline 0 -18"><span class='ocrx_word' id='word_1_126' title='bbox 56 1289 172 1338; x_wconf 80' lang='lat' dir='ltr'>ducibus</span> <span class='ocrx_word' id='word_1_127' title='bbox 183 1287 362 1356; x_wconf 79' lang='lat' dir='ltr'>Hierosolymo</span> <span class='ocrx_word' id='word_1_128' title='bbox 371 1303 400 1336; x_wconf 88' lang='lat' dir='ltr'>ac</span> <span class='ocrx_word' id='word_1_129' title='bbox 411 1287 489 1350; x_wconf 83' lang='lat' dir='ltr'>Judt,</span> <span class='ocrx_word' id='word_1_130' title='bbox 503 1288 633 1353; x_wconf 78' lang='lat' dir='ltr'>proximas</span> <span class='ocrx_word' id='word_1_131' title='bbox 647 1290 673 1336; x_wconf 88' lang='lat' dir='ltr'>in</span> <span class='ocrx_word' id='word_1_132' title='bbox 685 1301 764 1337; x_wconf 78' lang='lat' dir='ltr'>terrae</span> <span class='ocrx_word' id='word_1_133' title='bbox 775 1299 970 1338; x_wconf 69' lang='lat' dir='ltr'>exoneratam».</span> 
     </span>
     <span class='ocr_line' id='line_1_18' title="bbox 56 1361 971 1428; baseline -0.005 -15"><span class='ocrx_word' id='word_1_134' title='bbox 56 1361 181 1428; x_wconf 74' lang='lat' dir='ltr'>Plerique</span> <span class='ocrx_word' id='word_1_135' title='bbox 194 1363 366 1428; x_wconf 81' lang='lat' dir='ltr'>ltAEthiopum</span> <span class='ocrx_word' id='word_1_136' title='bbox 376 1362 475 1427; x_wconf 90' lang='lat' dir='ltr'>prolem</span> <span class='ocrx_word' id='word_1_137' title='bbox 486 1395 493 1422; x_wconf 89' lang='lat'>,</span> <span class='ocrx_word' id='word_1_138' title='bbox 506 1377 585 1426; x_wconf 82' lang='lat' dir='ltr'>quos,</span> <span class='ocrx_word' id='word_1_139' title='bbox 596 1370 654 1426; x_wconf 72' lang='lat' dir='ltr'>rege</span> <span class='ocrx_word' id='word_1_140' title='bbox 667 1361 785 1427; x_wconf 81' lang='lat' dir='ltr'>Cepheo,</span> <span class='ocrx_word' id='word_1_141' title='bbox 797 1373 880 1411; x_wconf 85' lang='lat' dir='ltr'>metat</span> <span class='ocrx_word' id='word_1_142' title='bbox 896 1369 971 1424; x_wconf 85' lang='lat' dir='ltr'>atque</span> 
     </span>
     <span class='ocr_line' id='line_1_19' title="bbox 59 1433 971 1504; baseline -0.004 -18"><span class='ocrx_word' id='word_1_143' title='bbox 59 1436 155 1487; x_wconf 86' lang='lat' dir='ltr'>odittm</span> <span class='ocrx_word' id='word_1_144' title='bbox 168 1449 266 1487; x_wconf 83' lang='lat' dir='ltr'>mutare</span> <span class='ocrx_word' id='word_1_145' title='bbox 280 1437 355 1487; x_wconf 81' lang='lat' dir='ltr'>tedes</span> <span class='ocrx_word' id='word_1_146' title='bbox 368 1437 505 1504; x_wconf 75' lang='lat' dir='ltr'>perpulerit</span> <span class='ocrx_word' id='word_1_147' title='bbox 515 1453 541 1484; x_wconf 82' lang='lat' dir='ltr'>u.</span> <span class='ocrx_word' id='word_1_148' title='bbox 560 1437 626 1486; x_wconf 83' lang='lat' dir='ltr'>Sunt</span> <span class='ocrx_word' id='word_1_149' title='bbox 637 1437 680 1501; x_wconf 89' lang='lat' dir='ltr'>qui</span> <span class='ocrx_word' id='word_1_150' title='bbox 701 1435 817 1494; x_wconf 83' lang='lat' dir='ltr'>tradant,</span> <span class='ocrx_word' id='word_1_151' title='bbox 832 1433 971 1500; x_wconf 76' lang='lat' dir='ltr'>oAssyriot</span> 
     </span>
     <span class='ocr_line' id='line_1_20' title="bbox 60 1509 971 1578; baseline -0.009 -16"><span class='ocrx_word' id='word_1_152' title='bbox 60 1526 209 1569; x_wconf 69' lang='lat' dir='ltr'>convenae,</span> <span class='ocrx_word' id='word_1_153' title='bbox 223 1512 341 1578; x_wconf 76' lang='lat' dir='ltr'>indigum</span> <span class='ocrx_word' id='word_1_154' title='bbox 356 1527 476 1576; x_wconf 77' lang='lat' dir='ltr'>agrorum</span> <span class='ocrx_word' id='word_1_155' title='bbox 494 1511 636 1576; x_wconf 87' lang='lat' dir='ltr'>populum,</span> <span class='ocrx_word' id='word_1_156' title='bbox 653 1522 725 1577; x_wconf 86' lang='lat' dir='ltr'>parte</span> <span class='ocrx_word' id='word_1_157' title='bbox 742 1511 843 1577; x_wconf 75' lang='lat' dir='ltr'>AEgypti</span> <span class='ocrx_word' id='word_1_158' title='bbox 862 1509 971 1574; x_wconf 86' lang='lat' dir='ltr'>potitor,</span> 
     </span>
     <span class='ocr_line' id='line_1_21' title="bbox 59 1584 973 1652; baseline -0.008 -17"><span class='ocrx_word' id='word_1_159' title='bbox 59 1601 127 1636; x_wconf 74' lang='lat' dir='ltr'>mox</span> <span class='ocrx_word' id='word_1_160' title='bbox 140 1586 256 1652; x_wconf 85' lang='lat' dir='ltr'>propriae</span> <span class='ocrx_word' id='word_1_161' title='bbox 267 1586 359 1648; x_wconf 81' lang='lat' dir='ltr'>urbes,</span> <span class='ocrx_word' id='word_1_162' title='bbox 374 1585 545 1648; x_wconf 76' lang='lat' dir='ltr'>Hebraeasque</span> <span class='ocrx_word' id='word_1_163' title='bbox 561 1595 640 1635; x_wconf 83' lang='lat' dir='ltr'>terras</span> <span class='ocrx_word' id='word_1_164' title='bbox 649 1620 658 1646; x_wconf 92' lang='lat'>,</span> <span class='ocrx_word' id='word_1_165' title='bbox 668 1584 821 1650; x_wconf 87' lang='lat' dir='ltr'>etpropiora</span> <span class='ocrx_word' id='word_1_166' title='bbox 833 1584 910 1650; x_wconf 74' lang='lat' dir='ltr'>Syria</span> <span class='ocrx_word' id='word_1_167' title='bbox 926 1597 973 1629; x_wconf 90' lang='lat' dir='ltr'>co·</span> 
     </span>
     <span class='ocr_line' id='line_1_22' title="bbox 59 1656 974 1725; baseline -0.008 -17"><span class='ocrx_word' id='word_1_168' title='bbox 59 1658 150 1708; x_wconf 75' lang='lat' dir='ltr'>tuisse.</span> <span class='ocrx_word' id='word_1_169' title='bbox 164 1659 261 1708; x_wconf 81' lang='lat' dir='ltr'>clarat&gt;</span> <span class='ocrx_word' id='word_1_170' title='bbox 273 1659 316 1709; x_wconf 86' lang='lat' dir='ltr'>alii</span> <span class='ocrx_word' id='word_1_171' title='bbox 328 1657 495 1708; x_wconf 83' lang='lat' dir='ltr'>oludreorum</span> <span class='ocrx_word' id='word_1_172' title='bbox 506 1659 578 1708; x_wconf 89' lang='lat' dir='ltr'>initia</span> <span class='ocrx_word' id='word_1_173' title='bbox 590 1673 596 1706; x_wconf 75' lang='grc' dir='ltr'><strong><em>ε</em></strong></span> <span class='ocrx_word' id='word_1_174' title='bbox 606 1659 739 1725; x_wconf 68' lang='lat' dir='ltr'>Solymos,</span> <span class='ocrx_word' id='word_1_175' title='bbox 751 1657 906 1708; x_wconf 74' lang='lat' dir='ltr'>carminibus</span> <span class='ocrx_word' id='word_1_176' title='bbox 918 1656 974 1703; x_wconf 87' lang='lat' dir='ltr'>Ho-</span> 
     </span>
    </p>
   </div>
   <div class='ocr_carea' id='block_1_3' title="bbox 61 1729 975 1857">
    <p class='ocr_par' dir='ltr' id='par_1_4' title="bbox 61 1729 975 1857">
     <span class='ocr_line' id='line_1_23' title="bbox 61 1729 975 1852; baseline -0.001 -72"><span class='ocrx_word' id='word_1_177' title='bbox 61 1731 134 1852; x_wconf 73' lang='lat' dir='ltr'>merif</span> <span class='ocrx_word' id='word_1_178' title='bbox 141 1731 294 1782; x_wconf 83' lang='lat' dir='ltr'>celebratam</span> <span class='ocrx_word' id='word_1_179' title='bbox 309 1745 412 1799; x_wconf 73' lang='lat' dir='ltr'>gentem</span> <span class='ocrx_word' id='word_1_180' title='bbox 422 1769 430 1793; x_wconf 91' lang='lat'>‚</span> <span class='ocrx_word' id='word_1_181' title='bbox 442 1732 552 1784; x_wconf 78' lang='lat' dir='ltr'>condita</span> <span class='ocrx_word' id='word_1_182' title='bbox 566 1731 623 1783; x_wconf 88' lang='lat' dir='ltr'>urbi</span> <span class='ocrx_word' id='word_1_183' title='bbox 633 1732 841 1800; x_wconf 70' lang='lat' dir='ltr'>Hierosolymam</span> <span class='ocrx_word' id='word_1_184' title='bbox 855 1745 949 1780; x_wconf 87' lang='lat' dir='ltr'>nomeu</span> <span class='ocrx_word' id='word_1_185' title='bbox 961 1729 975 1779; x_wconf 79' lang='lat' dir='ltr'>i</span> 
     </span>
     <span class='ocr_line' id='line_1_24' title="bbox 61 1820 247 1857; baseline -0.022 0"><span class='ocrx_word' id='word_1_186' title='bbox 61 1820 113 1857; x_wconf 75' lang='lat' dir='ltr'>tuo</span> <span class='ocrx_word' id='word_1_187' title='bbox 132 1821 210 1855; x_wconf 83' lang='lat' dir='ltr'>ecrrse</span> <span class='ocrx_word' id='word_1_188' title='bbox 220 1821 247 1855; x_wconf 84' lang='lat' dir='ltr'>u.</span> 
     </span>
    </p>
   </div>
   <div class='ocr_carea' id='block_1_4' title="bbox 65 1857 1006 2382">
    <p class='ocr_par' dir='ltr' id='par_1_5' title="bbox 65 1857 1006 2382">
     <span class='ocr_line' id='line_1_25' title="bbox 99 1857 998 1945; baseline -0.004 -18"><span class='ocrx_word' id='word_1_189' title='bbox 99 1877 150 1927; x_wconf 87' lang='lat'>111.</span> <span class='ocrx_word' id='word_1_190' title='bbox 161 1879 271 1928; x_wconf 84' lang='lat' dir='ltr'>Plurimi</span> <span class='ocrx_word' id='word_1_191' title='bbox 282 1889 400 1929; x_wconf 80' lang='lat' dir='ltr'>auctores</span> <span class='ocrx_word' id='word_1_192' title='bbox 410 1881 589 1942; x_wconf 80' lang='lat' dir='ltr'>consentiunt,</span> <span class='ocrx_word' id='word_1_193' title='bbox 605 1898 619 1929; x_wconf 80' lang='grc' dir='ltr'>(ι</span> <span class='ocrx_word' id='word_1_194' title='bbox 630 1878 686 1928; x_wconf 75' lang='lat' dir='ltr'>orti</span> <span class='ocrx_word' id='word_1_195' title='bbox 696 1896 741 1945; x_wconf 87' lang='lat' dir='ltr'>per</span> <span class='ocrx_word' id='word_1_196' title='bbox 749 1879 888 1945; x_wconf 80' lang='lat' dir='ltr'>AEgyptum</span> <span class='ocrx_word' id='word_1_197' title='bbox 899 1857 998 1938; x_wconf 42' lang='lat' dir='ltr'>tabe?</span> 
     </span>
     <span class='ocr_line' id='line_1_26' title="bbox 65 1952 977 2018; baseline -0.002 -19"><span class='ocrx_word' id='word_1_198' title='bbox 65 1967 124 2016; x_wconf 78' lang='lat' dir='ltr'>quae</span> <span class='ocrx_word' id='word_1_199' title='bbox 135 1968 242 2018; x_wconf 88' lang='lat' dir='ltr'>corpora</span> <span class='ocrx_word' id='word_1_200' title='bbox 254 1952 358 2001; x_wconf 82' lang='lat' dir='ltr'>foedaret</span> <span class='ocrx_word' id='word_1_201' title='bbox 367 1988 375 2016; x_wconf 90' lang='lat'>,</span> <span class='ocrx_word' id='word_1_202' title='bbox 385 1970 471 2016; x_wconf 76' lang='lat' dir='ltr'>regem</span> <span class='ocrx_word' id='word_1_203' title='bbox 483 1955 653 2013; x_wconf 87' lang='lat' dir='ltr'>Bocchorim,</span> <span class='ocrx_word' id='word_1_204' title='bbox 671 1953 742 2004; x_wconf 88' lang='lat' dir='ltr'>adito</span> <span class='ocrx_word' id='word_1_205' title='bbox 754 1953 904 2002; x_wconf 77' lang='lat' dir='ltr'>Hammonis</span> <span class='ocrx_word' id='word_1_206' title='bbox 916 1965 977 1998; x_wconf 88' lang='lat' dir='ltr'>ora-</span> 
     </span>
     <span class='ocr_line' id='line_1_27' title="bbox 65 2023 980 2092; baseline -0.005 -17"><span class='ocrx_word' id='word_1_207' title='bbox 65 2026 146 2083; x_wconf 79' lang='lat' dir='ltr'>culo,</span> <span class='ocrx_word' id='word_1_208' title='bbox 158 2024 299 2073; x_wconf 87' lang='lat' dir='ltr'>remedium</span> <span class='ocrx_word' id='word_1_209' title='bbox 312 2034 440 2088; x_wconf 87' lang='lat' dir='ltr'>petentem</span> <span class='ocrx_word' id='word_1_210' title='bbox 447 2041 460 2070; x_wconf 77' lang='grc' dir='ltr'>ι)</span> <span class='ocrx_word' id='word_1_211' title='bbox 472 2059 478 2080; x_wconf 88' lang='grc'>,</span> <span class='ocrx_word' id='word_1_212' title='bbox 488 2040 594 2088; x_wconf 80' lang='lat' dir='ltr'>purgare</span> <span class='ocrx_word' id='word_1_213' title='bbox 605 2043 710 2088; x_wconf 81' lang='lat' dir='ltr'>regnunt</span> <span class='ocrx_word' id='word_1_214' title='bbox 718 2059 727 2085; x_wconf 80' lang='lat'>,·</span> <span class='ocrx_word' id='word_1_215' title='bbox 736 2040 762 2075; x_wconf 93' lang='lat' dir='ltr'>et</span> <span class='ocrx_word' id='word_1_216' title='bbox 771 2027 797 2075; x_wconf 88' lang='lat' dir='ltr'>id</span> <span class='ocrx_word' id='word_1_217' title='bbox 808 2043 886 2092; x_wconf 76' lang='lat' dir='ltr'>genus</span> <span class='ocrx_word' id='word_1_218' title='bbox 895 2023 980 2074; x_wconf 84' lang='lat' dir='ltr'>horul-</span> 
     </span>
     <span class='ocr_line' id='line_1_28' title="bbox 65 2095 1006 2164; baseline 0 -16"><span class='ocrx_word' id='word_1_219' title='bbox 65 2115 132 2149; x_wconf 86' lang='lat' dir='ltr'>num</span> <span class='ocrx_word' id='word_1_220' title='bbox 143 2136 149 2157; x_wconf 95' lang='lat'>,</span> <span class='ocrx_word' id='word_1_221' title='bbox 162 2110 191 2146; x_wconf 93' lang='lat' dir='ltr'>ut</span> <span class='ocrx_word' id='word_1_222' title='bbox 200 2098 309 2145; x_wconf 85' lang='lat' dir='ltr'>invisum</span> <span class='ocrx_word' id='word_1_223' title='bbox 323 2095 462 2154; x_wconf 85' lang='lat' dir='ltr'>deie,aliar</span> <span class='ocrx_word' id='word_1_224' title='bbox 472 2096 588 2144; x_wconf 80' lang='lat' dir='ltr'>interrae</span> <span class='ocrx_word' id='word_1_225' title='bbox 599 2097 706 2146; x_wconf 79' lang='lat' dir='ltr'>avehere</span> <span class='ocrx_word' id='word_1_226' title='bbox 719 2114 734 2143; x_wconf 84' lang='lat' dir='ltr'>&lt;t</span> <span class='ocrx_word' id='word_1_227' title='bbox 743 2097 850 2164; x_wconf 87' lang='lat' dir='ltr'>jussum.</span> <span class='ocrx_word' id='word_1_228' title='bbox 861 2100 902 2146; x_wconf 87' lang='lat' dir='ltr'>Sio</span> <span class='ocrx_word' id='word_1_229' title='bbox 912 2114 978 2145; x_wconf 87' lang='lat' dir='ltr'>cou—</span> <span class='ocrx_word' id='word_1_230' title='bbox 1002 2104 1006 2148; x_wconf 68' lang='lat'>,¹</span> 
     </span>
     <span class='ocr_line' id='line_1_29' title="bbox 67 2169 979 2236; baseline 0 -16"><span class='ocrx_word' id='word_1_231' title='bbox 67 2173 191 2236; x_wconf 79' lang='lat' dir='ltr'>quiritum</span> <span class='ocrx_word' id='word_1_232' title='bbox 202 2172 388 2235; x_wconf 86' lang='lat' dir='ltr'>collectumque</span> <span class='ocrx_word' id='word_1_233' title='bbox 397 2170 495 2233; x_wconf 73' lang='lat' dir='ltr'>vulgus,</span> <span class='ocrx_word' id='word_1_234' title='bbox 505 2180 641 2234; x_wconf 84' lang='lat' dir='ltr'>postquam</span> <span class='ocrx_word' id='word_1_235' title='bbox 652 2170 727 2218; x_wconf 82' lang='lat' dir='ltr'>vastis</span> <span class='ocrx_word' id='word_1_236' title='bbox 735 2169 798 2220; x_wconf 82' lang='lat' dir='ltr'>locis</span> <span class='ocrx_word' id='word_1_237' title='bbox 808 2173 926 2220; x_wconf 85' lang='lat' dir='ltr'>relictum</span> <span class='ocrx_word' id='word_1_238' title='bbox 936 2171 979 2235; x_wconf 79' lang='lat' dir='ltr'>sit,</span> 
     </span>
     <span class='ocr_line' id='line_1_30' title="bbox 66 2239 979 2312; baseline -0.003 -16"><span class='ocrx_word' id='word_1_239' title='bbox 66 2246 161 2296; x_wconf 80' lang='lat' dir='ltr'>ceteris</span> <span class='ocrx_word' id='word_1_240' title='bbox 173 2245 352 2312; x_wconf 79' lang='lat' dir='ltr'>perlacrymas</span> <span class='ocrx_word' id='word_1_241' title='bbox 370 2241 543 2309; x_wconf 74' lang='lat' dir='ltr'>torpentibus,</span> <span class='ocrx_word' id='word_1_242' title='bbox 562 2239 666 2304; x_wconf 82' lang='lat' dir='ltr'>Mosen,</span> <span class='ocrx_word' id='word_1_243' title='bbox 679 2257 758 2289; x_wconf 88' lang='lat' dir='ltr'>unum</span> <span class='ocrx_word' id='word_1_244' title='bbox 775 2245 902 2304; x_wconf 75' lang='lat' dir='ltr'>exsulum,</span> <span class='ocrx_word' id='word_1_245' title='bbox 919 2261 979 2293; x_wconf 90' lang='lat' dir='ltr'>mo-</span> 
     </span>
     <span class='ocr_line' id='line_1_31' title="bbox 68 2317 981 2382; baseline -0.004 -13"><span class='ocrx_word' id='word_1_246' title='bbox 68 2321 186 2378; x_wconf 73' lang='lat' dir='ltr'>nuisses,</span> <span class='ocrx_word' id='word_1_247' title='bbox 195 2334 226 2366; x_wconf 89' lang='lat' dir='ltr'>tre</span> <span class='ocrx_word' id='word_1_248' title='bbox 234 2335 310 2382; x_wconf 92' lang='lat' dir='ltr'>quam</span> <span class='ocrx_word' id='word_1_249' title='bbox 319 2317 424 2366; x_wconf 79' lang='lat' dir='ltr'>deorum</span> <span class='ocrx_word' id='word_1_250' title='bbox 434 2317 598 2366; x_wconf 82' lang='lat' dir='ltr'>hominumve</span> <span class='ocrx_word' id='word_1_251' title='bbox 607 2331 681 2382; x_wconf 86' lang='lat' dir='ltr'>opem</span> <span class='ocrx_word' id='word_1_252' title='bbox 688 2327 877 2381; x_wconf 79' lang='lat' dir='ltr'>exspectarent,</span> <span class='ocrx_word' id='word_1_253' title='bbox 888 2319 981 2367; x_wconf 89' lang='lat' dir='ltr'>utrim-</span> 
     </span>
    </p>
   </div>
   <div class='ocr_carea' id='block_1_5' title="bbox 17 2389 983 3427">
    <p class='ocr_par' dir='ltr' id='par_1_6' title="bbox 69 2389 983 3048">
     <span class='ocr_line' id='line_1_32' title="bbox 71 2389 980 2458; baseline -0.003 -17"><span class='ocrx_word' id='word_1_254' title='bbox 71 2409 122 2458; x_wconf 87' lang='lat' dir='ltr'>que</span> <span class='ocrx_word' id='word_1_255' title='bbox 134 2391 243 2457; x_wconf 72' lang='lat' dir='ltr'>deserti,</span> <span class='ocrx_word' id='word_1_256' title='bbox 258 2391 303 2439; x_wconf 87' lang='lat' dir='ltr'>sed</span> <span class='ocrx_word' id='word_1_257' title='bbox 315 2391 415 2440; x_wconf 88' lang='lat' dir='ltr'>sibimet</span> <span class='ocrx_word' id='word_1_258' title='bbox 427 2428 433 2449; x_wconf 92' lang='lat'>,</span> <span class='ocrx_word' id='word_1_259' title='bbox 448 2403 477 2439; x_wconf 92' lang='lat' dir='ltr'>ut</span> <span class='ocrx_word' id='word_1_260' title='bbox 488 2392 548 2438; x_wconf 88' lang='lat' dir='ltr'>duci</span> <span class='ocrx_word' id='word_1_261' title='bbox 559 2389 668 2446; x_wconf 78' lang='lat' dir='ltr'>coelesti,</span> <span class='ocrx_word' id='word_1_262' title='bbox 682 2389 826 2454; x_wconf 82' lang='lat' dir='ltr'>crederent,</span> <span class='ocrx_word' id='word_1_263' title='bbox 838 2391 921 2456; x_wconf 91' lang='lat' dir='ltr'>primo</span> <span class='ocrx_word' id='word_1_264' title='bbox 934 2407 980 2438; x_wconf 89' lang='lat' dir='ltr'>cn-</span> 
     </span>
     <span class='ocr_line' id='line_1_33' title="bbox 71 2461 980 2534; baseline -0.004 -18"><span class='ocrx_word' id='word_1_265' title='bbox 71 2468 113 2534; x_wconf 81' lang='lat' dir='ltr'>jus</span> <span class='ocrx_word' id='word_1_266' title='bbox 132 2468 225 2515; x_wconf 83' lang='lat' dir='ltr'>auxilio</span> <span class='ocrx_word' id='word_1_267' title='bbox 244 2461 404 2532; x_wconf 84' lang='lat' dir='ltr'>(credentes)</span> <span class='ocrx_word' id='word_1_268' title='bbox 421 2477 556 2529; x_wconf 76' lang='lat' dir='ltr'>praesentes</span> <span class='ocrx_word' id='word_1_269' title='bbox 573 2463 689 2512; x_wconf 85' lang='lat' dir='ltr'>miseriae</span> <span class='ocrx_word' id='word_1_270' title='bbox 707 2463 874 2528; x_wconf 76' lang='lat' dir='ltr'>pepulissent.</span> <span class='ocrx_word' id='word_1_271' title='bbox 887 2464 980 2514; x_wconf 76' lang='lat' dir='ltr'>Arsen·</span> 
     </span>
     <span class='ocr_line' id='line_1_34' title="bbox 71 2536 983 2605; baseline -0.004 -15"><span class='ocrx_word' id='word_1_272' title='bbox 71 2540 136 2600; x_wconf 71' lang='lat' dir='ltr'>edre,</span> <span class='ocrx_word' id='word_1_273' title='bbox 144 2553 219 2605; x_wconf 88' lang='lat' dir='ltr'>atque</span> <span class='ocrx_word' id='word_1_274' title='bbox 228 2540 343 2588; x_wconf 85' lang='lat' dir='ltr'>omnium</span> <span class='ocrx_word' id='word_1_275' title='bbox 351 2540 432 2602; x_wconf 81' lang='lat' dir='ltr'>ignari</span> <span class='ocrx_word' id='word_1_276' title='bbox 440 2537 571 2594; x_wconf 79' lang='lat' dir='ltr'>fortuitum</span> <span class='ocrx_word' id='word_1_277' title='bbox 579 2539 627 2586; x_wconf 88' lang='lat' dir='ltr'>iter</span> <span class='ocrx_word' id='word_1_278' title='bbox 637 2538 769 2602; x_wconf 82' lang='lat' dir='ltr'>incipiunt.</span> <span class='ocrx_word' id='word_1_279' title='bbox 778 2536 827 2585; x_wconf 88' lang='lat' dir='ltr'>Sed</span> <span class='ocrx_word' id='word_1_280' title='bbox 836 2537 983 2602; x_wconf 69' lang='lat' dir='ltr'>nibilreqtrb,</span> 
     </span>
     <span class='ocr_line' id='line_1_35' title="bbox 70 2610 981 2682; baseline -0.003 -19"><span class='ocrx_word' id='word_1_281' title='bbox 70 2614 149 2682; x_wconf 75' lang='lat' dir='ltr'>quim</span> <span class='ocrx_word' id='word_1_282' title='bbox 164 2615 248 2680; x_wconf 90' lang='lat' dir='ltr'>inopia</span> <span class='ocrx_word' id='word_1_283' title='bbox 268 2629 336 2678; x_wconf 81' lang='lat' dir='ltr'>aquae</span> <span class='ocrx_word' id='word_1_284' title='bbox 353 2611 483 2676; x_wconf 78' lang='lat' dir='ltr'>fatigabat.</span> <span class='ocrx_word' id='word_1_285' title='bbox 502 2612 609 2675; x_wconf 86' lang='lat' dir='ltr'>Jamque</span> <span class='ocrx_word' id='word_1_286' title='bbox 623 2610 691 2658; x_wconf 86' lang='lat' dir='ltr'>baud</span> <span class='ocrx_word' id='word_1_287' title='bbox 705 2611 793 2676; x_wconf 78' lang='lat' dir='ltr'>procul</span> <span class='ocrx_word' id='word_1_288' title='bbox 810 2612 886 2660; x_wconf 76' lang='lat' dir='ltr'>exitio</span> <span class='ocrx_word' id='word_1_289' title='bbox 895 2648 902 2674; x_wconf 93' lang='lat'>,</span> <span class='ocrx_word' id='word_1_290' title='bbox 919 2614 981 2660; x_wconf 84' lang='lat' dir='ltr'>totis</span> 
     </span>
     <span class='ocr_line' id='line_1_36' title="bbox 72 2682 980 2755; baseline -0.004 -15"><span class='ocrx_word' id='word_1_291' title='bbox 72 2689 170 2755; x_wconf 84' lang='lat' dir='ltr'>campis</span> <span class='ocrx_word' id='word_1_292' title='bbox 186 2688 390 2754; x_wconf 85' lang='lat' dir='ltr'>procubuerant,</span> <span class='ocrx_word' id='word_1_293' title='bbox 402 2702 481 2750; x_wconf 84' lang='lat' dir='ltr'>quum</span> <span class='ocrx_word' id='word_1_294' title='bbox 497 2701 559 2750; x_wconf 77' lang='lat' dir='ltr'>grex</span> <span class='ocrx_word' id='word_1_295' title='bbox 574 2686 702 2733; x_wconf 86' lang='lat' dir='ltr'>asinorum</span> <span class='ocrx_word' id='word_1_296' title='bbox 716 2685 867 2749; x_wconf 77' lang='lat' dir='ltr'>agrestium,</span> <span class='ocrx_word' id='word_1_297' title='bbox 881 2682 980 2752; x_wconf 64' lang='lat' dir='ltr'>i‘pastu</span> 
     </span>
     <span class='ocr_line' id='line_1_37' title="bbox 69 2757 981 2828; baseline 0 -19"><span class='ocrx_word' id='word_1_298' title='bbox 69 2766 101 2814; x_wconf 85' lang='lat' dir='ltr'>in</span> <span class='ocrx_word' id='word_1_299' title='bbox 114 2778 218 2828; x_wconf 88' lang='lat' dir='ltr'>rupem,</span> <span class='ocrx_word' id='word_1_300' title='bbox 229 2777 333 2809; x_wconf 89' lang='lat' dir='ltr'>nemore</span> <span class='ocrx_word' id='word_1_301' title='bbox 341 2776 445 2825; x_wconf 84' lang='lat' dir='ltr'>opacam</span> <span class='ocrx_word' id='word_1_302' title='bbox 455 2759 602 2818; x_wconf 73' lang='lat' dir='ltr'>,concessit</span> <span class='ocrx_word' id='word_1_303' title='bbox 612 2759 717 2810; x_wconf 80' lang='lat' dir='ltr'>Secutus</span> <span class='ocrx_word' id='word_1_304' title='bbox 726 2757 981 2826; x_wconf 48' lang='lat' dir='ltr'>Mosen-conjectarit</span> 
     </span>
     <span class='ocr_line' id='line_1_38' title="bbox 75 2831 982 2900; baseline -0.002 -15"><span class='ocrx_word' id='word_1_305' title='bbox 75 2834 176 2888; x_wconf 83' lang='lat' dir='ltr'>herbidi</span> <span class='ocrx_word' id='word_1_306' title='bbox 189 2834 250 2896; x_wconf 85' lang='lat' dir='ltr'>soli,</span> <span class='ocrx_word' id='word_1_307' title='bbox 268 2834 347 2900; x_wconf 78' lang='lat' dir='ltr'>largas</span> <span class='ocrx_word' id='word_1_308' title='bbox 360 2850 482 2898; x_wconf 87' lang='lat' dir='ltr'>aquarum</span> <span class='ocrx_word' id='word_1_309' title='bbox 500 2847 576 2885; x_wconf 81' lang='lat' dir='ltr'>renas</span> <span class='ocrx_word' id='word_1_310' title='bbox 591 2833 681 2898; x_wconf 86' lang='lat' dir='ltr'>aperit.</span> <span class='ocrx_word' id='word_1_311' title='bbox 698 2831 869 2882; x_wconf 87' lang='lat' dir='ltr'>ldlevamen:</span> <span class='ocrx_word' id='word_1_312' title='bbox 883 2845 982 2884; x_wconf 89' lang='lat' dir='ltr'>etcon·</span> 
     </span>
     <span class='ocr_line' id='line_1_39' title="bbox 76 2906 983 2972; baseline -0.003 -13"><span class='ocrx_word' id='word_1_313' title='bbox 76 2912 178 2961; x_wconf 89' lang='lat' dir='ltr'>tionum</span> <span class='ocrx_word' id='word_1_314' title='bbox 189 2924 232 2958; x_wconf 82' lang='lat' dir='ltr'>sex</span> <span class='ocrx_word' id='word_1_315' title='bbox 245 2906 364 2956; x_wconf 86' lang='lat' dir='ltr'>dierum</span> <span class='ocrx_word' id='word_1_316' title='bbox 360 2920 407 2956; x_wconf 86' lang='lat' dir='ltr'>tter</span> <span class='ocrx_word' id='word_1_317' title='bbox 419 2908 529 2966; x_wconf 82' lang='lat' dir='ltr'>emensi,</span> <span class='ocrx_word' id='word_1_318' title='bbox 542 2909 670 2972; x_wconf 85' lang='lat' dir='ltr'>septimo,</span> <span class='ocrx_word' id='word_1_319' title='bbox 681 2907 759 2972; x_wconf 85' lang='lat' dir='ltr'>p&#39;ulsis</span> <span class='ocrx_word' id='word_1_320' title='bbox 768 2907 923 2969; x_wconf 85' lang='lat' dir='ltr'>cultoribus,</span> <span class='ocrx_word' id='word_1_321' title='bbox 935 2907 983 2957; x_wconf 89' lang='lat' dir='ltr'>ob-</span> 
     </span>
     <span class='ocr_line' id='line_1_40' title="bbox 76 2980 814 3048; baseline -0.004 -15"><span class='ocrx_word' id='word_1_322' title='bbox 76 2981 175 3038; x_wconf 75' lang='lat' dir='ltr'>tinnire</span> <span class='ocrx_word' id='word_1_323' title='bbox 187 2989 282 3046; x_wconf 74' lang='lat' dir='ltr'>terrai</span> <span class='ocrx_word' id='word_1_324' title='bbox 295 3000 321 3032; x_wconf 87' lang='lat' dir='ltr'>tu</span> <span class='ocrx_word' id='word_1_325' title='bbox 333 2981 389 3046; x_wconf 82' lang='lat' dir='ltr'>quta</span> <span class='ocrx_word' id='word_1_326' title='bbox 400 2982 495 3031; x_wconf 83' lang='lat' dir='ltr'>urbret</span> <span class='ocrx_word' id='word_1_327' title='bbox 508 2981 634 3048; x_wconf 87' lang='lat' dir='ltr'>templum</span> <span class='ocrx_word' id='word_1_328' title='bbox 645 2980 738 3031; x_wconf 89' lang='lat' dir='ltr'>dicata.</span> <span class='ocrx_word' id='word_1_329' title='bbox 807 2982 814 2996; x_wconf 81' lang='grc'><em>“</em></span> 
     </span>
    </p>

    <p class='ocr_par' dir='ltr' id='par_1_7' title="bbox 17 3048 983 3427">
     <span class='ocr_line' id='line_1_41' title="bbox 108 3048 982 3122; baseline 0 -17"><span class='ocrx_word' id='word_1_330' title='bbox 108 3048 156 3108; x_wconf 86' lang='lat' dir='ltr'>IV.</span> <span class='ocrx_word' id='word_1_331' title='bbox 166 3058 265 3116; x_wconf 80' lang='lat' dir='ltr'>Moser,</span> <span class='ocrx_word' id='word_1_332' title='bbox 276 3054 326 3119; x_wconf 79' lang='lat' dir='ltr'>qud</span> <span class='ocrx_word' id='word_1_333' title='bbox 339 3055 405 3104; x_wconf 82' lang='lat' dir='ltr'>tibi</span> <span class='ocrx_word' id='word_1_334' title='bbox 400 3073 425 3104; x_wconf 85' lang='lat' dir='ltr'>in</span> <span class='ocrx_word' id='word_1_335' title='bbox 434 3068 565 3122; x_wconf 82' lang='lat' dir='ltr'>posterum</span> <span class='ocrx_word' id='word_1_336' title='bbox 574 3067 675 3119; x_wconf 81' lang='lat' dir='ltr'>gentem</span> <span class='ocrx_word' id='word_1_337' title='bbox 683 3056 806 3114; x_wconf 81' lang='lat' dir='ltr'>firmaret</span> <span class='ocrx_word' id='word_1_338' title='bbox 816 3071 896 3104; x_wconf 82' lang='lat' dir='ltr'>noros</span> <span class='ocrx_word' id='word_1_339' title='bbox 907 3056 982 3116; x_wconf 80' lang='lat' dir='ltr'>ritus,</span> 
     </span>
     <span class='ocr_line' id='line_1_42' title="bbox 75 3129 982 3208; baseline -0.003 -26"><span class='ocrx_word' id='word_1_340' title='bbox 75 3131 270 3196; x_wconf 80' lang='lat' dir='ltr'>contrariosque</span> <span class='ocrx_word' id='word_1_341' title='bbox 270 3129 367 3178; x_wconf 81' lang='lat' dir='ltr'>ceteris</span> <span class='ocrx_word' id='word_1_342' title='bbox 370 3131 530 3208; x_wconf 77' lang='lat' dir='ltr'>mortalibus,</span> <span class='ocrx_word' id='word_1_343' title='bbox 539 3129 641 3180; x_wconf 84' lang='lat' dir='ltr'>indidit</span> <span class='ocrx_word' id='word_1_344' title='bbox 652 3129 757 3180; x_wconf 81' lang='lat' dir='ltr'>Prolana</span> <span class='ocrx_word' id='word_1_345' title='bbox 767 3130 819 3176; x_wconf 91' lang='lat' dir='ltr'>illic</span> <span class='ocrx_word' id='word_1_346' title='bbox 827 3131 918 3189; x_wconf 87' lang='lat' dir='ltr'>omnia,</span> <span class='ocrx_word' id='word_1_347' title='bbox 928 3145 982 3196; x_wconf 78' lang='lat' dir='ltr'>quas</span> 
     </span>
     <span class='ocr_line' id='line_1_43' title="bbox 78 3202 983 3271; baseline 0.002 -17"><span class='ocrx_word' id='word_1_348' title='bbox 78 3202 147 3271; x_wconf 88' lang='lat' dir='ltr'>apud</span> <span class='ocrx_word' id='word_1_349' title='bbox 157 3219 203 3251; x_wconf 85' lang='lat' dir='ltr'>uos</span> <span class='ocrx_word' id='word_1_350' title='bbox 215 3217 284 3252; x_wconf 83' lang='lat' dir='ltr'>sacra</span> <span class='ocrx_word' id='word_1_351' title='bbox 296 3220 302 3252; x_wconf 91' lang='lat'><strong>:</strong></span> <span class='ocrx_word' id='word_1_352' title='bbox 314 3219 414 3252; x_wconf 77' lang='lat' dir='ltr'>rursum</span> <span class='ocrx_word' id='word_1_353' title='bbox 425 3203 544 3252; x_wconf 82' lang='lat' dir='ltr'>concessa</span> <span class='ocrx_word' id='word_1_354' title='bbox 556 3204 622 3269; x_wconf 85' lang='lat' dir='ltr'>apud</span> <span class='ocrx_word' id='word_1_355' title='bbox 636 3205 693 3252; x_wconf 82' lang='lat' dir='ltr'>illos</span> <span class='ocrx_word' id='word_1_356' title='bbox 704 3238 711 3261; x_wconf 92' lang='lat'>,</span> <span class='ocrx_word' id='word_1_357' title='bbox 724 3219 776 3268; x_wconf 78' lang='lat' dir='ltr'>qua</span> <span class='ocrx_word' id='word_1_358' title='bbox 789 3203 882 3251; x_wconf 88' lang='lat' dir='ltr'>uobis</span> <span class='ocrx_word' id='word_1_359' title='bbox 877 3216 983 3257; x_wconf 84' lang='lat' dir='ltr'>rocetta.</span> 
     </span>
     <span class='ocr_line' id='line_1_44' title="bbox 78 3274 983 3342; baseline 0.006 -19"><span class='ocrx_word' id='word_1_360' title='bbox 78 3278 190 3342; x_wconf 81' lang='lat' dir='ltr'>Effigiem</span> <span class='ocrx_word' id='word_1_361' title='bbox 199 3275 315 3326; x_wconf 87' lang='lat' dir='ltr'>animalis</span> <span class='ocrx_word' id='word_1_362' title='bbox 322 3290 389 3340; x_wconf 79' lang='lat' dir='ltr'>,quo</span> <span class='ocrx_word' id='word_1_363' title='bbox 396 3285 555 3328; x_wconf 72' lang='lat' dir='ltr'>mortalitate</span> <span class='ocrx_word' id='word_1_364' title='bbox 564 3291 677 3328; x_wconf 79' lang='lat' dir='ltr'>errorem</span> <span class='ocrx_word' id='word_1_365' title='bbox 686 3276 805 3338; x_wconf 83' lang='lat' dir='ltr'>sitimque</span> <span class='ocrx_word' id='word_1_366' title='bbox 817 3274 983 3342; x_wconf 87' lang='lat' dir='ltr'>depulerant,</span> 
     </span>
     <span class='ocr_line' id='line_1_45' title="bbox 17 3349 983 3427; baseline -0.004 -20"><span class='ocrx_word' id='word_1_367' title='bbox 17 3371 22 3375; x_wconf 88' lang='lat'>·</span> <span class='ocrx_word' id='word_1_368' title='bbox 76 3353 202 3427; x_wconf 70' lang='lat' dir='ltr'>penetrali</span> <span class='ocrx_word' id='word_1_369' title='bbox 211 3351 353 3422; x_wconf 66' lang='lat' dir='ltr'>moerere,</span> <span class='ocrx_word' id='word_1_370' title='bbox 366 3367 428 3402; x_wconf 81' lang='lat' dir='ltr'>cero</span> <span class='ocrx_word' id='word_1_371' title='bbox 440 3353 534 3414; x_wconf 85' lang='lat' dir='ltr'>ariete,</span> <span class='ocrx_word' id='word_1_372' title='bbox 547 3351 617 3407; x_wconf 76' lang='lat' dir='ltr'>velut</span> <span class='ocrx_word' id='word_1_373' title='bbox 627 3353 653 3403; x_wconf 88' lang='lat' dir='ltr'>iu</span> <span class='ocrx_word' id='word_1_374' title='bbox 663 3349 844 3403; x_wconf 80' lang='lat' dir='ltr'>contumeliam</span> <span class='ocrx_word' id='word_1_375' title='bbox 853 3351 983 3403; x_wconf 83' lang='lat' dir='ltr'>Hammo·</span> 
     </span>
    </p>
   </div>
   <div class='ocr_carea' id='block_1_6' title="bbox 0 0 1076 3709">
    <p class='ocr_par' dir='ltr' id='par_1_8' title="bbox 0 0 1076 3709">
     <span class='ocr_line' id='line_1_46' title="bbox 0 0 1076 3709; baseline 0 0"><span class='ocrx_word' id='word_1_376' title='bbox 0 0 1076 3709; x_wconf 95' lang='lat' dir='ltr'> </span> 
     </span>
    </p>
   </div>
  </div>
 </body>
</html>
