2100 3709
127 102 132 113 ,
241 43 627 134 snrsronrlnun'nrs.
651 97 672 134 1.

9 149 76 192 rtur.
86 143 130 194 Et
140 145 323 218 Nymphidius

10 214 150 282 iscapitp
169 221 229 270 defe

9 287 102 339 *ienti'a
116 311 124 340 :
138 297 221 354 need

884 100 918 152 So

329 161 461 222 quirlemin
473 166 530 230 ipso
537 185 629 220 conatu
638 191 770 240 oppressus
778 185 835 234 :sed
845 118 937 253 qnam?

230 227 319 280 ctionis
337 235 435 290 abluto,
451 244 569 289 manebat
586 246 713 312 plerisque
730 255 841 306 militum
856 276 937 312 cons-

224 313 308 348 ecrant
319 321 459 367 sermones,
469 325 483 358 tt
490 316 588 364 senium
599 331 673 382 atque
683 329 813 377 auaritiam
823 332 910 383 Galbae
918 353 939 385 ι

9 369 223 430 ncrepantium.
235 373 348 424 Laudato
362 381 423 428 olim
434 417 440 442 ,
451 395 476 431 et
489 387 592 436 militari
603 390 668 440 lami
680 398 805 448 celebrata
817 408 936 456 severitas

9 436 72 498 sius,
90 442 218 504 angebat
228 445 407 512 adspernantes
421 468 531 507 veterem
543 461 702 528 disciplinam
714 505 721 531 ,
737 483 812 536 atque
827 477 859 524 ite
870 495 935 540 qua-

9 509 165 586 rrordecirrr
178 518 250 566 aunis
262 519 277 567 d
287 523 388 572 Nerone
399 527 557 582 adsuefactos
568 571 574 592 ,
587 549 615 585 ut
623 532 690 586 baud
700 543 785 593 minus
800 548 850 594 vita
862 550 937 611 prin-

12 583 91 648 ipum
108 603 239 640 amarent
250 628 256 650 ,
269 595 344 658 qubus
358 600 419 648 olim
428 603 533 654 virtutes
542 610 704 661 vercbcntu‘r.
720 615 836 666 Accessit
849 620 942 676 Galbae,

9 671 54 704 rox
69 673 124 722 pro
135 664 277 727 republics
288 668 409 736 bonesti,
424 675 589 745 ipsisnceps,
603 684 658 754 legi
668 689 686 736 ἀ
695 707 724 740 se
735 693 869 756 militem,
879 713 937 749 non

9 735 67 782 emi.
79 731 237 787 Nec-enim
248 741 281 788 ad
290 741 355 792 hanc
366 745 472 798 formam
480 762 563 801 cetera
573 769 655 807 erant.
960 792 962 799 ·

32 804 84 855 Vl.
92 821 94 826 ·
101 805 261 864 Invalidum
268 831 353 866 senem
363 819 394 868 Τ.
401 821 501 885 Vinius,
509 830 672 890 eteorneline
678 831 753 896 Laco,
761 838 824 886 alter
830 839 938 892 deterri-

9 891 63 925 mus
76 883 258 944 mortalium,
269 889 332 938 alter
345 893 535 958 ignavissimus,
546 900 607 951 odio
620 902 771 968 flagitiorum
788 925 934 976 oneratum,
1005 955 1009 966 ,

9 963 175 1019 contemptu
183 957 278 1008 inertior
284 961 454 1017 destruebant.
462 971 576 1022 Tardum
586 975 673 1024 Galbae
685 978 747 1039 iter,
757 993 783 1028 et
793 995 935 1047 cruentum,

9 1022 162 1076 interiectis
174 1029 431 1096 Cingonio‘Varrone,
440 1046 545 1095 consule
554 1046 694 1113 designato,
705 1064 730 1100 et
736 1055 859 1104 Petronio
868 1059 936 1107 Tur-

9 1095 112 1160 piliano
120 1103 257 1152 consulari
264 1121 270 1152 :
277 1105 320 1154 ille
329 1118 357 1154 ut
365 1107 515 1174 Nymphidii
524 1119 615 1179 socius,
626 1120 665 1168 hic
674 1135 701 1171 ut
710 1123 761 1172 dux
767 1127 885 1188 Neronis,
893 1132 936 1179 ln-

9 1168 92 1219 tutlrti
106 1184 194 1238 atque
208 1174 347 1239 indefensi,
361 1177 480 1242 tanquam
492 1185 639 1243 innocentes
653 1195 790 1257 perierant.
810 1199 935 1252 introitus

9 1239 34 1287 in
53 1243 174 1304 urbem,
190 1249 323 1316 trucidatis
339 1262 378 1300 tot
392 1254 506 1304 millibus
522 1259 660 1316 inermium
670 1268 797 1331 militurn,
811 1273 934 1324 infaustus

9 1317 116 1382 omine,
131 1329 215 1382 atque
227 1321 288 1386 ipsis
296 1324 373 1374 etiam
382 1361 389 1384 ,
399 1326 443 1391 qni
455 1328 616 1390 occiderant,
628 1333 815 1390 formidolosus.
828 1343 936 1395 inducti

9 1385 113 1450 legione
123 1391 255 1457 Hispani,
264 1408 410 1445 remanente
420 1396 459 1461 eti,
468 1415 545 1463 quam
554 1402 654 1453 celasse
661 1405 732 1455 Nero
743 1415 936 1481 conscripserat,

11 1459 87 1522 plena
101 1465 174 1512 urbs
184 1468 296 1516 exercitu
306 1470 408 1519 insolito
418 1489 424 1518 r
435 1464 509 1522 multi
519 1476 553 1523 ad
561 1476 608 1525 boc
616 1482 715 1528 numeri
724 1482 737 1529 ὲ
747 1483 896 1546 Germanis,
907 1506 936 1537 ao

12 1531 171 1596 Britannia,
184 1548 210 1586 et
220 1539 337 1606 Illyrico,
351 1557 414 1606 quos
427 1545 496 1596 idem
508 1546 579 1597 Nero
591 1550 685 1600 electos
701 1557 889 1622 premissosque
904 1561 939 1609 ad

14 1605 128 1656 claustra
149 1610 317 1675 Caspiorum,
330 1617 461 1666 etbellum
473 1620 542 1684 quod
553 1623 581 1672 in
589 1621 703 1673 Albanos
712 1629 833 1691 parabat,
845 1633 935 1697 oppri·

15 1679 118 1730 mendis
130 1682 255 1742 Vindicis
266 1690 354 1754 coeptis
363 1706 542 1748 revocaverat:
553 1695 642 1760 ingens
651 1701 726 1747 noris
735 1701 810 1750 rebus
819 1707 937 1766 materis,

14 1764 107 1803 utnon
118 1757 148 1806 io
163 1775 244 1809 unum
256 1763 364 1825 aliquem
374 1781 455 1830 prono
466 1767 565 1830 lavore,
578 1772 612 1819 ita
625 1773 730 1823 audenti
738 1787 835 1841 parata.

47 1826 110 1876 VII.
127 1831 209 1898 Forte
222 1849 386 1900 congruerat,
401 1851 431 1888 ut
442 1840 523 1890 Clodii
537 1844 631 1904 Macri,
644 1859 670 1896 et
683 1850 785 1899 Fonteii
799 1852 933 1917 Capitonis

17 1898 97 1948 cedes
110 1906 303 1961 nuntiarentur.
316 1911 446 1980 Macrum,
463 1915 489 1964 in
504 1915 586 1967 Attea
599 1917 669 1969 baud
680 1921 934 1991 dubielturbantem,

16 1970 169 2026 Trebonius
185 1980 355 2042 Garucianut,
367 1999 530 2049 procurator,
543 1992 611 2052 jussu
622 1992 724 2059 Galbae5
742 1997 890 2061 Capitonem
908 2002 934 2048 in

45 2049 163 2098 ermaniit
170 2089 178 2112 ,
190 2069 267 2115 quum
279 2057 369 2103 similia
380 2071 513 2122 coeptaret,
529 2065 661 2117 Cornelius
670 2068 799 2131 Aquinus,
807 2074 833 2117 'et
841 2071 934 2120 Fabius

19 2115 125 2182 Valens,
131 2121 209 2188 legati
216 2126 847 2200 legionum,interfecerent,antequamiuberentur.
853 2142 934 2191 Fuere

21 2191 64 2250 qui
80 2195 230 2258 crederent,
244 2199 407 2263 Capitonem,
422 2213 450 2250 ut
461 2205 567 2255 averitid
578 2218 606 2254 et
614 2207 719 2258 libidine
731 2211 825 2259 foedum
838 2227 868 2259 ac
878 2225 935 2260 ma-

22 2263 154 2328 culosum,
166 2272 201 2320 ita
214 2275 366 2338 cogitatione
377 2291 463 2324 rerum
473 2294 597 2329 novorum
608 2281 772 2345 abstinuisse3
784 2283 852 2344 sedi
864 2285 936 2348 lega-

21 2337 54 2380 tis
65 2337 167 2392 bellum
180 2345 357 2407 suadentibus,
368 2362 502 2415 postquam
513 2353 644 2418 impellere
654 2357 828 2424 nequiverint,
839 2360 934 2406 crimen

24 2423 51 2456 ac
65 2412 155 2466 dolum
168 2423 419 2486 compositumultrd
433 2443 439 2473 :
452 2438 478 2474 et
489 2427 598 2477 Galbam
613 2430 755 2478 mobilitate
767 2432 874 2498 ingenii,
886 2449 934 2489 an,

23 2495 54 2530 ne
70 2487 148 2538 altius
165 2505 333 2554 scrutaretur,
350 2489 450 2561 quoquo
470 2501 549 2548 modo
565 2514 635 2560 acta,
651 2503 814 2565 quia'nrutari
827 2520 876 2550 non
889 2519 934 2566 po·
978 2571 984 2579 ι

25 2562 121 2626 terant,
132 2567 320 2630 comprobirsse.
331 2569 449 2619 Ceterirm
460 2566 567 2638 utraque
578 2575 657 2623 credes
666 2576 767 2623 sinistre
777 2587 878 2640 accepta
888 2592 895 2621 :
907 2586 934 2624 et
978 2634 980 2641 y

26 2626 107 2680 inviso
118 2641 196 2686 semel
208 2641 332 2707 principe,
344 2661 388 2693 seu
396 2647 474 2702 bene,
487 2665 531 2696 seu
542 2651 607 2697 matr
617 2648 680 2698 facta
690 2663 817 2715 premunt⁴
829 2651 884 2699 lam
894 2649 934 2700 af-

25 2698 141 2756 ferebant
153 2713 250 2760 venalia
265 2728 354 2778 cunctp
364 2733 531 2784 prepotentes
539 2722 626 2770 liberti
637 2741 643 2770 z
653 2739 783 2772 serrorum
793 2740 883 2773 monus
893 2738 935 2774 su·-

28 2771 90 2824 bitis
100 2783 180 2832 arida
189 2821 195 2843 ,
205 2797 229 2833 et
241 2797 358 2852 tanquam
369 2793 435 2857 apud
443 2809 530 2842 senem
541 2795 686 2844 {estinanter
698 2815 703 2843 ι
715 2797 850 2862 eademque
861 2814 932 2846 nova

31 2847 89 2895 aulae
105 2855 266 2922 malo,tequd
277 2864 376 2927 gravia,
389 2882 439 2914 non
450 2866 516 2930 teque
528 2883 654 2917 excusata.
670 2869 726 2935 lpse
739 2884 796 2919 setas
807 2872 893 2922 Gathae
906 2885 934 2939 et

28 2916 125 2983 irrisui,
137 2941 165 2975 ac
177 2928 276 2982 fastidio
287 2947 339 2982 eret
346 2971 353 2994 ,
366 2935 476 2986 adsuetis
486 2939 594 3000 juventae
602 2942 723 3004 Neronis,
733 2958 757 2991 et
767 2944 932 3010 imperatores

31 2986 109 3042 forma
122 3014 150 3046 ac
160 3001 249 3052 decoro
260 3009 372 3070 corporis
384 3009 422 3074 (ut
431 3023 468 3058 est
477 3028 533 3060 mos
542 3013 621 3079 vulgi)
632 3018 846 3080 comparantibus.

61 3065 134 3119 Vlll.
152 3075 184 3124 Et
197 3075 238 3124 liic
250 3079 352 3141 quidem
370 3084 472 3142 Romae,
489 3097 609 3149 tanquam
626 3088 651 3135 in
667 3089 735 3136 tanti
751 3087 931 3168 multitudine,

35 3130 130 3190 balitus
144 3147 286 3200 animorum
302 3150 359 3200 luit.
372 3152 392 3199 E
404 3157 557 3218 provinciis,
568 3159 696 3224 'Hispaniae
708 3171 812 3224 preerat
824 3160 931 3206 Cluvius

34 3206 122 3277 trusus,
132 3219 170 3265 vir
184 3219 307 3272 facundus
319 3259 327 3290 ,
342 3238 367 3286 et
377 3231 444 3291 pacis
455 3229 566 3286 artibus,
576 3229 650 3276 bellis
661 3235 813 3296 inexpertus.
830 3231 930 3313 Gallie,

34 3293 105 3347 snper
116 3296 262 3350 memoriam
275 3297 405 3360 Vindicis,
421 3299 539 3369 obligate
550 3305 647 3350 recenti
655 3300 723 3353 douo
732 3307 853 3355 Romanas
862 3318 930 3353 ctri-
