2100 3709
290 173 292 178 s
317 112 496 155 srrsrrors
516 118 584 157 nra.
606 87 686 161 rin.
908 125 956 193 ¹9⁵

79 193 321 249 xxxmuauum
330 211 358 249 et
371 203 619 255 senatusconsultum
631 207 725 257 ultioni
736 206 804 274 juxti
816 225 841 264 et
859 220 956 269 securi·

47 271 110 331 tati,
124 284 175 322 «nt
192 275 214 323 si
229 273 286 338 quis
303 272 316 322 it
331 274 382 322 suia
401 273 479 324 servis
499 277 649 330 interiectus
660 293 740 341 esset,
753 286 770 333 ii
783 303 899 354 quoqne,
910 294 955 356 qni

47 353 207 393 testamento
220 345 367 394 manumissi
379 347 428 395 sub
440 349 530 397 eodem
540 361 608 400 tecto
618 353 783 416 mansissent,
795 359 956 414 intersertos

43 419 173 486 supplicia
183 419 354 488 penderent».
368 421 495 474 Redditur
504 423 589 475 ordini
599 426 692 477 Lusius
701 431 793 483 Varius
802 422 939 490 comnlbris
945 477 955 502 ,

44 497 158 545 avaritiae
168 497 322 547 criminibus
335 495 399 546 olins
409 500 551 566 perculsus.
564 501 598 552 Et
612 502 754 574 Pomponia
767 511 898 574 Graecina,
912 516 957 566 iu-
973 549 978 554 -

46 566 129 632 signis
140 567 246 631 lomina,
256 567 359 620 Plautio
367 605 375 630 ,
382 569 426 634 qui
436 586 516 622 ovans
525 589 552 622 ss
562 574 594 623 de
603 577 740 630 Britanniis
749 584 853 645 retulit,
860 599 956 655 nupta,

44 655 74 688 ac
91 643 295 705 superstitionis
310 649 431 695 externus
447 660 504 708 res,
517 647 604 698 mariti
619 649 714 713 judicio
731 656 861 722 permissa.
879 661 955 726 Isque
1044 692 1045 697 ,

45 712 132 778 prisco
146 715 278 776 instituto,
296 715 446 782 propinquis
458 731 560 779 coram,
572 718 604 769 de
615 724 697 790 capite
708 725 825 792 famique
840 733 954 801 conjugis

43 787 182 850 cognorit,
195 797 221 838 et
230 789 355 837 insontem
368 790 502 840 nnrrtiavit.
513 789 601 856 Longa
613 792 673 846 hnic
685 798 832 866 Pomponia
841 813 916 866 artas,
927 817 954 857 et

42 859 168 908 contium
176 861 280 911 tristitia
292 861 347 911 luit.
360 862 425 911 Nam
435 875 493 928 post
501 863 595 914 Juliam
603 866 678 918 Drusi
687 870 764 922 liliam
776 874 836 926 dolo
846 879 954 929 Messal-

42 933 103 982 linae
114 933 273 986 interiectam
281 973 287 993 ‚
296 951 342 1002 per
352 935 518 1002 quadraginta
529 954 623 1005 annos,
638 950 688 994 non
698 947 770 997 cultu
778 951 827 999 nisi
836 952 955 1018 lugubri,
978 973 985 987 i

42 1021 95 1056 non
103 1008 191 1057 auimo
200 1009 249 1058 nisi
256 1021 345 1060 moesto
351 1009 413 1074 egit.
422 1009 501 1078 ldqne
510 1012 549 1062 illi
555 1015 718 1082 imperitante
725 1021 832 1073 Claudio
838 1026 952 1094 impune,

42 1095 111 1129 mcx
123 1079 156 1130 ad
168 1083 274 1148 glorians
287 1083 370 1133 vertit.
418 1137 426 1153 p

74 1155 202 1207 xxxin.
213 1158 284 1208 Idem
294 1171 374 1207 annus
382 1157 468 1222 plures
477 1177 534 1214 reos
544 1161 650 1213 babuit:
663 1152 773 1229 duorum
782 1171 812 1220 P.
822 1171 951 1239 Celerem,

42 1241 179 1280 acoumute
195 1230 269 1294 Anii,
285 1232 343 1296 quia
359 1231 492 1282 absolvere
510 1237 632 1301 nequibat
644 1238 735 1304 Qasr,
748 1246 838 1303 traxit,
850 1252 952 1300 renecti

43 1305 128 1356 donee
138 1311 248 1358 mortem
257 1306 358 1355 obiret:
374 1321 433 1354 nam
443 1305 533 1366 Celer,
545 1309 688 1369 interiecto,
701 1326 730 1363 ut
742 1322 895 1379 memorari,
910 1325 952 1373 Si·

43 1380 104 1428 lanu
112 1379 281 1445 proconsule,
295 1377 471 1442 magnitudine
488 1381 589 1430 sceleris
602 1393 684 1432 cetera
696 1387 791 1450 flagitia
808 1392 953 1460 obtegebat.

43 1454 226 1503 Cossutianum
237 1451 389 1516 Capitonem
401 1449 491 1500 Cilices
501 1452 645 1504 detulerant
658 1459 834 1508 crusculorum
844 1465 952 1516 soednm.

44 1542 106 1589 que,
119 1538 146 1576 et
156 1519 225 1575 idem
233 1525 274 1591 jus
283 1521 393 1572 audacia
405 1525 431 1572 in
445 1519 576 1590 provincii
584 1539 682 1586 ratum,
697 1530 766 1595 qrsod
775 1533 800 1580 in
811 1536 872 1584 urbe
881 1555 952 1589 exer-

43 1611 162 1655 cuerat».
172 1598 221 1650 Sed
232 1598 359 1665 pervicaci
368 1601 528 1650 accusatione
536 1603 696 1653 condictatus
702 1641 711 1664 ,
722 1607 851 1671 postremo
862 1609 952 1662 desen.

43 1674 144 1724 sionem
157 1673 244 1722 omisit
251 1709 259 1736 ‚
273 1685 302 1721 ae
316 1671 373 1737 lege
387 1674 585 1738 repetundarum
599 1673 733 1727 damnatus
745 1688 792 1727 est.
805 1680 855 1730 Pro
871 1684 949 1752 Eprio

43 1745 185 1808 Marcello,
198 1744 211 1796 is
224 1761 274 1810 qno
290 1745 362 1811 Lycii
372 1761 413 1794 res
420 1749 581 1812 repetebant,
592 1747 624 1798 ed
637 1767 715 1816 usque
727 1751 839 1802 ambitus
851 1772 949 1822 prara-

42 1818 103 1878 luit,
112 1829 143 1868 nt
152 1817 256 1883 quidam
262 1829 440 1869 accusatorum
451 1819 604 1887 ejuseaailio
612 1819 793 1891 mulcerentur,
809 1839 951 1895 «tanquam

42 1891 144 1944 insonti
153 1891 297 1956 perieulum¹
305 1891 457 1949 iecissent»,
710 1904 713 1908 '

75 1961 209 2015 XXXIV.
219 1964 319 2014 Nerone
332 1965 437 2017 tertium
445 1966 567 2027 consule,
576 1968 653 2030 simul
662 1971 719 2022 iniit
726 1975 887 2026 consulatum
896 1978 951 2028 Va-

41 2037 124 2088 lerius
137 2038 270 2099 Messalla,
283 2039 354 2103 cnjus
364 2057 506 2107 proavum.
518 2055 649 2094 oratorem
658 2046 814 2109 Corvinum,
825 2049 886 2101 diso
894 2051 951 2102 Au-

42 2123 134 2180 gusto,
146 2111 226 2163 abero
240 2112 364 2173 Neronis,
380 2115 503 2180 collegam
523 2116 549 2164 in
564 2133 595 2166 eo
611 2120 761 2191 magistratu
773 2123 863 2188 inisse,
875 2127 951 2191 pauci

42 2186 95 2252 iam
111 2201 201 2235 senum
217 2189 404 2237 meminerant:
419 2186 465 2236 sed
483 2187 561 2236 nobili
574 2188 676 2238 familia
693 2191 775 2240 bonor
791 2207 880 2244 anctus
898 2211 950 2259 ess,

41 2255 139 2308 oblatis
157 2259 182 2308 iu
202 2261 315 2326 singulos
329 2276 409 2310 annos
423 2259 557 2327 quingenis
572 2262 710 2323 sestertiis,
727 2265 819 2330 quibus
831 2266 951 2320 Messalla

44 2341 222 2400 paupertatem
242 2333 373 2383 innoxiam
390 2345 553 2385 sustentaret.
570 2332 675 2385 Aurelio
693 2353 794 2402 qnoque
813 2340 907 2406 Cotta,
925 2355 951 2394 et

45 2406 152 2455 Haterio
161 2405 307 2467 Antonino,
324 2423 434 2456 annuam
444 2411 579 2473 pecuniam
590 2409 680 2456 statuit
691 2413 823 2476 princeps,
834 2415 951 2478 quamvis

4 2477 5 2480 ’
45 2495 92 2545 per
103 2481 194 2528 larum
206 2480 287 2530 avitas
296 2496 357 2546 opes
373 2479 546 2546 dissipassent.
557 2479 619 2544 Ejus
629 2482 688 2529 anni
702 2474 846 2549 principio,
861 2488 951 2535 molli.

45 2553 95 2605 bus
105 2550 189 2602 adbuc
198 2545 276 2602 initiis
286 2554 440 2622 prolatatum
454 2555 519 2600 inter
531 2550 639 2612 Bartbos
649 2555 827 2620 Romanosque
837 2556 869 2606 de
882 2559 951 2610 obti-

46 2623 131 2679 nendi
141 2624 265 2676 Armenii
273 2627 386 2685 bellum,
397 2627 489 2676 acriter
499 2624 608 2674 sumitur
618 2643 625 2674 ε
637 2627 696 2692 quia
704 2620 753 2676 'n'ec
764 2629 901 2698 Vologeses
912 2635 950 2684 si.

4 2745 5 2754 2
46 2700 125 2752 nebat
133 2699 238 2748 fratrem
251 2700 381 2750 Tiridaten
391 2698 466 2750 datii
478 2714 504 2749 se
514 2699 585 2764 regni
592 2711 722 2768 expertem
732 2717 786 2752 esse
792 2735 801 2760 ,
812 2718 856 2756 aut
864 2707 950 2768 aliene

46 2775 74 2826 id
86 2776 205 2841 potentin
214 2774 310 2824 donum
319 2773 412 2826 habere
421 2793 427 2825 t
436 2785 467 2823 et
478 2774 591 2823 (lorbulo
602 2775 707 2842 dignum
716 2780 888 2845 magnitudine
897 2799 950 2852 po.

47 2847 103 2914 puli
112 2847 222 2897 Romani
230 2849 429 2917 sabaium-parta
437 2849 499 2899 olim
509 2845 522 2895 i
531 2846 820 2918 Lucullo'Pompeioqus
828 2858 949 2924 recipere.
1035 2853 1040 2862 ’

47 2917 89 2974 Ad
100 2919 152 2972 baec
161 2920 278 2970 masenii
287 2923 403 2988 ambigui
412 2921 461 2972 fide
472 2932 578 2985 utraque
586 2938 655 2974 arma
665 2918 823 2986 invitabant,
833 2931 884 2991 situ
897 2943 950 2981 ter·

46 3009 132 3046 rarum
140 3029 147 3051 ,
155 2993 321 3042 similitudine
330 3009 433 3046 mortun
444 2993 542 3044 Parthis
551 2997 695 3062 propiores,
703 3000 886 3065 connubiisque
895 3011 957 3066 peri

49 3067 140 3124 mixti,
155 3084 184 3116 ac
197 3068 313 3121 libertate
324 3069 408 3135 ignoti
417 3109 426 3132 ,
437 3069 497 3122 illuc
507 3072 586 3136 magis
598 3070 630 3118 ad
641 3073 773 3122 servitium
787 3068 949 3127 inclinantes·

84 3139 203 3191 XXXV.
213 3141 263 3192 Sed
273 3143 411 3193 Corbuloni
420 3141 557 3208 plusmolis
565 3143 684 3192 adversus
691 3145 817 3210 ignaviam
826 3149 949 3206 militum,

47 3213 123 3280 quius
135 3225 224 3262 contra
233 3214 364 3280 perfidiam
374 3215 485 3264 hostium
496 3225 559 3262 erat.
567 3214 667 3280 Quippe
676 3216 747 3282 Syriis
758 3229 901 3268 transmutas
909 3222 950 3270 le·
969 3239 972 3244 ·

48 3289 136 3352 giones
142 3321 150 3344 ,
159 3302 221 3352 paee
232 3288 305 3353 longi
315 3303 419 3354 segnes,
430 3288 517 3336 usuris
527 3287 701 3334 Romanorum
714 3290 839 3351 egerrime
854 3292 951 3339 tolera-

51 3360 121 3420 bant.
139 3359 204 3423 Satis
220 3362 339 3412 constitit
351 3361 429 3414 surse
446 3361 473 3413 in
491 3374 522 3410 eo
539 3358 653 3408 exercitu
672 3370 820 3480 veteripos,
837 3366 882 3426 qui
897 3377 953 3414 nors

719 3456 721 3459 ·
783 3449 800 3485 a
