2100 3709
304 137 485 196 aruscruu
510 139 578 177 urs.
605 139 684 175 1111.
899 137 947 198 ¹97

19 211 134 271 lusecbi
144 253 152 282 ,
162 237 223 289 gens
235 236 292 274 ante
303 227 363 274 alias
372 227 438 274 socia
447 228 585 284 Romanis,
597 229 652 273 aria
665 223 787 272 Armenia
797 225 945 274 incursatis.

23 296 63 342 Ita
78 299 196 346 consilia
204 296 316 347 Tiridati
324 299 351 347 iu
361 297 515 348 eontrarium
525 298 668 347 vertebant.
681 297 850 364 blittcbatque
860 304 947 347 orato*

23 387 86 428 res,
106 372 155 434 qui
168 372 434 438 sncrsrttsorumqus
452 373 556 422 nomine
575 371 782 437 expostularent:
800 389 864 420 sscur
882 358 947 422 datis

23 461 114 508 nuper
134 443 286 508 obsidibus,
299 446 519 513 redintegratique
537 445 663 510 amicitis,
682 461 736 508 que
754 447 827 493 novis
847 462 946 510 qnoque

22 517 166 570 beneficiis
181 518 268 566 locum
284 521 410 586 aperiret,
429 531 516 568 uetere
529 520 653 574 Armenia
664 519 823 585 possessione
834 518 952 586 depelle-

23 589 123 642 retur?
136 589 201 640 lded
218 592 334 664 nondum
350 592 433 658 ipsum
443 593 588 658 Vologesen
598 603 772 662 commotum,
784 593 841 658 quia
856 593 947 658 ecum,

27 667 110 731 quim
125 665 154 714 vi
167 683 239 733 agere
251 669 367 718 mallent.
378 669 421 716 Sin
434 679 591 733 perstaretur
599 669 625 715 in
636 668 705 716 bello
715 705 722 732 ,
734 686 786 718 non
798 668 883 720 defore
895 669 947 716 Ar·

26 738 126 789 sacidis
135 740 259 792 virtutem
272 721 467 806 fortunamque:
478 737 569 808 sepiiss
581 742 632 805 jam
642 741 715 792 clade
728 740 842 791 Romani
852 758 947 805 erper-

26 824 117 861 tamu.
129 812 173 862 Ad
183 830 212 862 es
223 815 333 865 Corbulo
342 852 349 875 ,
358 816 419 866 satis
428 828 559 881 comperto
570 816 714 883 Vologesen
725 817 867 866 delectione
876 817 943 882 Hyr·

28 887 108 936 caniac
128 889 249 947 attineri,
269 889 359 938 suadet
378 888 508 956 Tiridati,
521 892 660 956 «precibus
681 889 803 939 Cesarem
820 889 945 955 adgredi:

29 975 107 1028 posse
118 959 159 1008 illi
169 975 274 1026 regnum
283 961 374 1010 stabile
385 997 392 1019 ,
403 973 428 1010 et
438 977 478 1010 res
491 961 636 1011 incruentas
646 964 806 1029 contingere,
818 965 840 1011 si
852 963 945 1012 bmissl

31 1049 76 1098 spe
91 1032 234 1098 longinqui
251 1047 277 1083 et
293 1035 360 1095 seri,
378 1047 527 1102 presentem
540 1037 718 1102 potioremque
732 1049 914 1102 sequeretur».

59 1105 214 1156 XXXVIII.
233 1106 357 1156 Placitum
383 1107 488 1166 debinc,
509 1111 590 1174 aquia
612 1113 812 1159 commeantibus
833 1096 944 1158 invicem

30 1172 146 1233 nuntiis,
159 1171 223 1220 nibil
233 1173 260 1222 iu
271 1189 399 1222 summurn
410 1173 477 1237 pacis
489 1175 683 1238 proiciebatur,
695 1177 822 1242 colloquio
832 1178 945 1241 ipsorum

32 1257 138 1311 tempus
149 1245 284 1310 locumque
297 1245 430 1295 destinari.
445 1245 516 1294 Mille
528 1248 641 1309 equitum
652 1249 797 1313 presidium
808 1251 946 1300 Tiridates

32 1319 110 1367 affore
120 1318 170 1366 sibi
178 1319 306 1384 dicebct5
317 1327 441 1381 quantum
449 1315 592 1366 Corbuloni
600 1317 719 1383 cujusque
727 1323 825 1385 generis
834 1323 945 1370 militum

33 1395 180 1452 adsisteret,
192 1409 245 1441 non
257 1403 380 1448 statuere,
394 1389 456 1438 duur
462 1425 469 1450 ,
480 1392 571 1454 positis
579 1392 666 1441 loricis
678 1406 704 1441 et
715 1396 806 1458 galeis,
818 1395 843 1442 iu
855 1395 946 1443 faciem

34 1469 112 1536 pacis,
122 1469 285 1515 venireturu.
295 1463 615 1528 Cuicuannemcrtalinm,
624 1465 803 1514 nedumveteri
810 1469 946 1532 etprovido

36 1543 110 1603 sluci,
126 1540 239 1589 barbaras
255 1536 352 1584 astutias
368 1537 519 1603 patuissent.
537 1535 620 1586 cldeo
636 1548 720 1592 artum
737 1538 796 1587 inde
812 1556 947 1587 nnmerum
964 1540 966 1545 '

35 1615 118 1672 finiri,
130 1624 156 1661 et
164 1610 229 1693 qino
242 1607 366 1672 majorem
377 1605 475 1670 offerri,
492 1621 522 1658 ut
533 1608 609 1660 dolus
621 1622 770 1676 pararetur:
782 1627 840 1659 nam
853 1612 946 1674 equiti,

36 1689 187 1754 sagittarum
199 1696 249 1733 usn
265 1683 393 1744 exercito,
409 1683 431 1732 si
447 1681 546 1732 detecta
559 1697 668 1750 corpora
684 1686 866 1748 objicerentur,
881 1683 946 1734 nibil

36 1761 196 1829 profuturam
208 1755 401 1808 multitudinem
407 1773 433 1805 u.
444 1757 610 1807 Dissimulate
622 1769 707 1808 umen
717 1759 857 1818 intellectu,
867 1775 946 1808 creo-

36 1832 88 1886 t‘nis
99 1833 132 1883 de
142 1831 196 1892 his,
208 1849 262 1897 quo
273 1831 300 1882 in
307 1831 437 1898 publicum
448 1834 725 1892 consuefaciamus
736 1834 888 1884 exercitibus
899 1850 945 1884 cc·

34 1926 91 1961 ram
104 1907 300 1957 dissertatorem
314 1905 457 1972 respondit.
470 1905 619 1973 laesumque
629 1907 740 1975 delegit,
754 1907 827 1975 cujus
837 1925 897 1977 pars
905 1909 941 1956 al·

35 1995 91 2033 tera
102 1981 181 2032 colles
193 1990 265 2030 erant
275 1979 411 2030 clementer
421 1979 600 2048 adsurgentes,
611 1982 764 2049 accipiendis
771 1982 889 2049 peditntn'
901 1999 945 2032 or-

37 2055 154 2119 dinibus,
163 2069 222 2120 pars
233 2054 259 2104 in
268 2053 399 2120 planitiem
408 2055 599 2119 porrigebatur,
612 2054 645 2104 sd
658 2057 818 2122 explicandas
829 2057 944 2121 equitnm
973 2094 976 2101 ,

36 2142 145 2180 turmas.
160 2129 257 2192 Dieqae
267 2139 359 2192 pacto,
373 2127 446 2192 prior
458 2127 572 2176 Corbulo
589 2129 670 2176 socias
686 2119 803 2178 cobortes
812 2140 840 2177 et
852 2128 947 2177 auxilia

37 2219 127 2268 regum
135 2216 180 2267 pro
193 2199 324 2258 cornibus,
338 2197 425 2248 medio
440 2211 538 2248 sextam
548 2197 676 2262 legionem
685 2201 835 2262 constituit,
849 2201 891 2248 cni
901 2215 947 2246 ac·

39 2274 90 2318 cita
107 2283 152 2334 per
168 2277 284 2330 noctem,
300 2264 355 2314 aliis
376 2281 408 2312 es
426 2266 530 2324 castris,
545 2266 594 2313 tria
606 2263 687 2313 millia
707 2266 875 2315 tertianorum
887 2280 947 2329 per·
964 2275 969 2285 ¹

42 2336 948 2405 miscuerat,uubcumaquilii,quasieademlsgicspectnretur.Tirida·
1028 2393 1042 2408 ·.

40 2427 90 2472 tes,
99 2425 219 2480 vergente
230 2414 280 2475 iam
293 2409 349 2474 die,
366 2412 458 2478 procul
472 2411 585 2472 adstitit,
598 2409 667 2460 unde
679 2410 762 2460 rideri
777 2413 857 2473 magis
868 2409 947 2473 quim
972 2405 1010 2448 -·”·“

40 2489 120 2540 audiri
128 2498 221 2554 posset.
231 2485 269 2534 Ita
276 2486 329 2534 sine
339 2499 478 2551 congressu
489 2484 544 2534 dux
551 2485 682 2533 Romanus
693 2482 828 2532 abscedere
836 2483 946 2530 militem

40 2579 84 2614 sus
95 2577 220 2626 quemque
231 2561 257 2608 in
269 2571 349 2608 castra
359 2558 441 2625 jubet.
698 2604 701 2613 ,

73 2632 197 2685 XXXIX.
214 2635 284 2694 Rea,
299 2635 359 2682 sise-
371 2629 487 2680 fraudem
501 2639 666 2694 suspectans,
678 2628 738 2694 quis
753 2628 827 2696 plura
835 2625 910 2674 simul
918 2626 947 2674 in

41 2710 98 2759 loca
113 2708 209 2767 ibatur,
224 2707 276 2756 sive
290 2717 320 2754 nt
336 2715 495 2756 commeatus
513 2715 616 2753 nostros
629 2703 737 2754 Pontico
751 2702 830 2762 mari,
843 2711 870 2748 ct
880 2698 948 2749 Tra-

43 2793 149 2851 perunte
161 2780 259 2848 oppido
273 2780 441 2832 adventantes
456 2778 636 2843 interciperet,
646 2777 753 2844 propere
767 2774 882 2824 discedit.
896 2771 947 2821 Sed

43 2871 124 2920 neque
135 2854 316 2907 commeatibus
324 2857 376 2904 rirn
389 2854 469 2902 iacere
477 2853 577 2917 potuit,
588 2852 646 2915 quia
653 2866 699 2918 per
709 2863 810 2900 montes
817 2848 948 2897 duceban-

45 2944 87 2982 tur
105 2927 224 2994 presidiis
239 2928 332 2980 nostris
345 2931 455 2978 insessos
474 2942 480 2972 ι
496 2936 523 2974 et
537 2924 663 2987 Corbulo,
682 2942 715 2973 ue
733 2927 834 2978 irritum
849 2915 948 2972 bellom
975 2943 981 2951 ·
1024 2920 1027 2926 '

45 3003 199 3059 traheretur,
209 3013 288 3064 utque
299 2999 433 3050 Armenios
444 2996 477 3046 ad
490 3013 536 3046 aua
548 2993 708 3048 defendenda
718 3009 834 3064 cogeret,
846 2997 949 3044 exscin-

46 3078 104 3127 dere
116 3084 187 3142 parat
200 3073 322 3122 castella:
339 3073 450 3137 sibique,
469 3068 539 3136 quod
553 3070 739 3136 validissimum
759 3071 786 3120 in
802 3070 830 3119 ei
842 3067 947 3135 praelec-
1016 3111 1022 3115 ,

45 3150 116 3206 turs,
128 3159 295 3213 cognomento
313 3146 487 3204 Volandum,
505 3145 599 3208 sumi13
611 3144 711 3193 minora
726 3144 846 3192 Cornelio
855 3142 947 3191 Flacco

46 3227 140 3289 legato,
151 3232 178 3269 et
187 3222 282 3268 Insteio
294 3219 415 3286 Capitoni
425 3229 567 3266 castrorum
576 3214 693 3279 proiecto
702 3214 813 3281 mandit.
820 3215 887 3262 Tum
897 3213 950 3259 cir·
1029 3249 1035 3256 .

48 3296 194 3362 cumspectis
205 3296 388 3350 munimentis,
400 3304 426 3342 et
441 3307 496 3356 qun
513 3289 695 3352 expugnationi
704 3288 810 3350 idonea,
823 3285 948 3353 provisis,

48 3369 160 3426 bortatur
176 3367 290 3430 milites,
307 3379 358 3422 sut
374 3365 599 3428 bossenensem,
615 3374 697 3425 usque
713 3360 781 3478 paci1
790 3370 834 3406 sut
858 3357 948 3424 prelio
