2100 3709
183 65 201 115 6
478 76 502 112 e.
521 74 614 113 eoas.
632 74 746 115 ssesss

73 168 76 172 '
160 178 247 235 preces
256 158 284 211 P.
304 155 411 219 Quirino
422 158 566 223 propinquo
580 174 627 207 suo
642 158 674 207 ad
688 159 829 227 prinoipem
841 162 982 215 mandavit
999 183 1006 215 τ
1029 197 1032 206 ι

158 231 268 309 ponsum
282 244 336 292 est,
350 241 381 283 ul
396 230 521 308 senalnp'n
533 243 652 300 rogaret.

191 308 293 363 XXXI.
303 305 456 370 (lingebatur
466 306 568 355 interim
580 309 661 356 milite
673 307 781 369 domus,
793 313 946 379 strepebant
959 314 1022 361 etia*

149 386 295 443 'vestibulm
305 394 333 431 ut
342 380 433 442 audiri,
444 394 472 431 ut
482 384 559 449 aspici
570 396 674 449 possent
686 402 692 432 :
703 402 781 450 quum
792 386 867 451 Libo,
878 390 963 454 ipsis,
974 406 1008 453 qu
1038 415 1039 418 =

155 453 323 517 novissimam
335 456 493 521 voluptatem
509 457 672 519 adhibuerat,
687 461 769 525 epulis
780 465 960 520 excruciatus,
982 482 1015 513 vo

156 548 342 609 percussorem,
356 548 472 595 prensare
479 550 609 582 servorum
625 534 738 599 dextras,
754 537 865 587 inserere
876 540 1015 605 gladium:
1039 525 1040 542 ἶ

123 666 126 675 ¹
156 630 204 688 qpe
214 612 275 661 illis,
289 605 349 653 dum
361 605 501 669 trepidant,
513 606 575 668 dum
584 607 726 673 refugiunt,
737 614 912 662 evertentibus
922 614 1034 680 adpositi

155 682 241 739 mensi
252 683 355 735 lumcn,
371 676 490 729 leralibus
503 681 559 749 jans
569 683 617 731 sibi
630 684 756 741 tenebris,
769 685 834 735 duos
849 690 916 736 ictus
930 690 958 736 in
972 689 1012 736 ris

156 760 259 811 direxit.
269 753 310 807 Ad
320 754 442 817 gemitum
453 757 617 815 collabentis,
631 756 761 807 adcurrere
771 759 873 818 liberti,
891 774 917 810 et
930 763 1002 811 caede
1016 780 1031 809 v

154 836 228 889 miles
237 828 342 880 sbstitit.
355 826 489 877 Accusatio
501 844 587 880 tamen
599 831 668 897 apud
677 843 760 896 patres
771 832 966 884 adseveratione
980 823 1042 883 eald

153 918 266 984 peracta.
280 908 423 972 juravitque
434 910 563 972 Tiberius,
579 912 740 975 opetiturum
753 928 780 960 se
792 914 871 961 vitam
884 916 1007 979 quamtis
1020 889 1043 963 ni

153 988 236 1040 censi.
248 986 295 1032 uiri
306 982 473 1032 voluntariam
483 996 591 1033 mortem
603 987 790 1050 properarisset
799 1005 826 1036 s).
852 1005 861 1027 ο
1041 985 1042 1020 l

183 1057 294 1110 XXXII.
309 1056 380 1104 Bona
395 1059 460 1105 iuter
472 1068 630 1106 accusatores
644 1057 793 1108 dividuntur
806 1077 813 1107 t
827 1069 853 1108 et
865 1072 983 1127 praeturae
996 1051 1043 1109 eati

152 1132 268 1185 ordinem
278 1128 340 1177 duta
352 1126 407 1186 iris,
418 1131 461 1193 qui
473 1131 594 1179 senatorii
603 1130 700 1179 ordinis
709 1142 789 1180 erant.
800 1132 873 1179 Tunc
887 1134 954 1181 Cota
966 1134 1043 1181 Messi

148 1206 232 1262 linas,
251 1220 304 1253 nue
323 1204 405 1267 imago
421 1204 527 1253 Libonis
545 1204 857 1269 exsequias⁹posterorum
875 1207 1044 1255 comitaretur

151 1282 254 1331 censuit
266 1298 275 1329 .·
290 1276 339 1326 Cn·
350 1276 485 1329 Lentulus
493 1314 502 1337 ,
513 1294 545 1327 ne
554 1278 612 1343 quis
620 1278 765 1326 Scribonius
775 1290 974 1344 cognomentum
985 1277 1044 1330 Drui

149 1353 315 1403 adsumeret:
331 1351 542 1414 supplicationem
562 1350 615 1399 dies
632 1349 778 1414 Pomponii
797 1352 897 1403 Flacci
917 1353 1044 1403 seniensi

80 1442 83 1445 ·
149 1427 294 1477 constituti
304 1444 313 1473 :
324 1435 353 1470 ut
363 1421 429 1471 dona
440 1424 507 1483 lovi,
519 1425 610 1483 Marti,
624 1423 783 1483 Concordia,
792 1413 877 1487 utque¹
885 1423 983 1472 Iduum
998 1425 1044 1491 Sep

147 1501 285 1551 tembrium
296 1497 365 1557 dies,
376 1514 427 1560 quo
437 1514 462 1547 te
475 1498 540 1547 Libo
549 1497 723 1554 interfecerat,
733 1498 786 1544 dies
797 1497 876 1547 leitus
888 1497 1045 1548 babereturs

146 1576 177 1626 L.
189 1575 311 1630 Publius,
321 1583 347 1617 et
357 1570 445 1618 Gallus
455 1570 573 1623 Asinius,
584 1578 610 1612 et
619 1568 712 1628 Papius
721 1568 842 1631 Mutilus,
852 1584 876 1620 et
885 1574 916 1621 L.
929 1571 1045 1637 Apronio

147 1646 294 1697 decrevere:
303 1655 410 1701 quorum
421 1636 594 1695 auctoritates,
601 1637 809 1704 adulationesque
818 1648 905 1705 retuli,
912 1658 942 1694 ut
950 1646 1045 1694 scireut

145 1720 218 1768 setus
231 1714 254 1762 id
268 1716 292 1761 in
302 1708 432 1773 republict
442 1710 548 1761 malum.
561 1710 637 1759 Facta
646 1716 673 1760 et
683 1711 715 1761 de
727 1713 914 1766 Mathematicis
926 1718 1044 1784 Magisqn

98 1808 104 1823 ·
143 1791 219 1846 Italid
228 1784 352 1854 pellendis
361 1783 578 1851 senatusconsplta
588 1802 596 1853 ς
609 1803 719 1851 quorum
727 1788 741 1837 ὲ
750 1806 872 1851 numero,
883 1770 918 1840 L?
924 1792 1044 1841 Pituanius

146 1884 207 1919 saxo
223 1862 333 1925 deiocuss
343 1868 382 1905 est
397 1874 403 1904 :
419 1858 445 1907 in
456 1858 484 1908 P.
499 1858 627 1910 Marcium
638 1863 755 1913 consules
765 1876 836 1914 extra
847 1877 950 1931 portam
957 1857 1046 1930 Exqui

145 1942 240 1994 linam,
251 1948 330 1997 quum
340 1930 472 1981 classicum
482 1947 584 1982 carneas
594 1933 710 1997 jussisent
716 1972 724 2000 ,
734 1952 806 1986 more
816 1940 900 2003 prisco
909 1937 1046 1999 advertere

184 2006 307 2063 xxxut.
319 2005 437 2054 Proximo
449 2020 551 2064 senatus
560 2009 600 2058 die
610 2012 691 2060 multa
703 2013 729 2061 in
740 2013 832 2061 lusum
843 2013 953 2061 civitatis
962 2009 1046 2061 dictal

146 2091 180 2155 Q.
194 2084 299 2135 Haterio
310 2080 450 2140 consulari,
464 2082 573 2133 Octavio
582 2084 713 2135 Frontone
722 2083 830 2150 psatursi
844 2086 930 2134 iuncto
945 2086 1045 2135 zdecrs

145 2174 251 2222 tunrquc
264 2170 314 2205 une
324 2169 382 2201 rasa
394 2170 455 2202 auro
462 2158 543 2205 solida
553 2158 725 2209 ministrandis
735 2156 798 2207 cibis
808 2157 900 2206 flerent
911 2175 917 2204 ε
932 2173 964 2205 ne
975 2161 1045 2207 resti

144 2232 298 2288 sericariros
307 2226 421 2277 foedaret.
434 2232 560 2283 Excessit
566 2235 685 2290 Fronto,
694 2247 728 2281 ao
735 2230 885 2298 postulavit
896 2229 1006 2279 modum
1015 2248 1046 2278 as

144 2324 220 2383 geuto
226 2346 236 2369 ,
244 2304 408 2372 supellectili,
421 2305 551 2355 familias.
563 2306 624 2355 Erat
632 2308 726 2371 quippe
735 2302 818 2352 sdbuc
825 2305 944 2373 frequens
952 2316 1046 2353 senato

94 2386 98 2393 '
132 2384 230 2440 ribus,
249 2384 270 2429 si
283 2378 343 2442 quid
356 2372 370 2425 ὃ
385 2380 513 2445 republicl
529 2379 678 2435 crederent,
699 2379 756 2424 loeo
774 2376 905 2425 sententia
922 2392 1046 2442 promere

144 2454 583 2517 contrisGallusAsiniusdisseruit:
600 2452 705 2504 «Aucto
714 2451 815 2514 imperii
823 2452 963 2501 adolevisse
971 2454 1046 2499 etiars

141 2525 1046 2610 privatssopes5idqueuonnovum,sedisvetustissimismoribus:alian

141 2610 210 2678 ,pud
222 2603 367 2655 Fabricios,
386 2600 461 2645 aliam
474 2599 543 2663 apud
555 2600 684 2663 Scipiones
700 2598 833 2661 pecuniam
845 2618 853 2663 3
868 2611 893 2648 et
909 2611 1004 2647 cuncta
1020 2598 1046 2647 as'

140 2676 324 2745 rempublicam
337 2669 425 2718 referri
439 2688 445 2718 ε
458 2671 507 2734 quis
517 2672 600 2731 tenui,
616 2683 734 2735 angustas
744 2671 839 2719 civium
852 2671 959 2739 dornos3
976 2684 1046 2738 post·

141 2768 216 2822 quam
226 2747 255 2796 eb
266 2741 458 2807 magnificentiae
471 2743 578 2809 venerit,
590 2743 695 2809 gliscere
703 2744 817 2810 singulos
827 2761 834 2791 t
844 2760 925 2810 neque
936 2746 1046 2794 inlami·

139 2831 174 2883 tit
189 2830 344 2886 stringente,
358 2832 462 2881 qunque
476 2819 509 2868 ad
521 2836 594 2868 usum
608 2831 745 2886 parentur,
758 2819 866 2869 nimium
880 2819 992 2885 aliquid,
1004 2830 1046 2869 aut

139 2902 284 2956 modicum,
294 2892 343 2941 uisi
352 2908 384 2939 ea
392 2888 494 2941 fortuni
505 2893 673 2959 possidentis:
684 2893 819 2943 distinctos
828 2892 929 2942 senatus
938 2896 965 2942 et
976 2894 1046 2956 equi·

139 2991 195 3028 tum
208 2984 313 3029 census,
330 2982 381 3015 non
394 2967 452 3030 quia
463 2968 558 3019 diversi
574 2968 680 3026 natusd,
696 2967 743 3017 sed
758 2970 877 3027 utiloois,
895 2966 1046 3035 ordinibus¹

140 3043 345 3119 dignationibus,
360 3042 481 3091 antistant
499 3056 525 3093 et
543 3046 616 3107 aliis,
634 3061 688 3109 quc
707 3042 739 3091 ad
757 3044 872 3109 requiem
889 3042 988 3101 animi,=
1004 3056 1046 3091 aut

138 3122 311 3175 salubritatem
328 3130 465 3181 corporum
480 3129 602 3182 parentur
621 3135 628 3166 z
646 3118 695 3166 nisi
712 3117 777 3166 lorti
794 3115 936 3165 clarissimo
953 3116 1046 3179 cuique

137 3200 224 3267 plures
237 3207 323 3248 curas,
337 3189 431 3255 majora
445 3194 557 3258 pericula
573 3192 701 3241 subeunda
711 3209 722 3258 ς
739 3190 914 3239 delinimentis
927 3204 1046 3237 curarum

139 3284 165 3321 et
175 3268 346 3338 periculorum
363 3266 571 3333 oar·endum‡esse
580 3284 607 3316 u.
625 3265 734 3315 Facilem
745 3262 880 3313 adsensum
894 3259 985 3319 Gallo,
999 3263 1046 3311 sub

139 3347 285 3400 nominibus
293 3341 415 3409 honestis,
426 3342 551 3399 confessio
560 3342 690 3405 vitiorum,
699 3354 726 3392 et
734 3336 876 3393 similitudo
885 3336 1046 3389 audiamium
