2100 3709
300 49 678 94 astronianuummr.
742 53 757 108 2
800 39 824 69 '·
889 47 939 103 ὅθι

10 147 137 202 tumque
148 133 183 186 ad
197 131 321 186 invidiam
336 135 454 186 Marcelli
470 152 580 200 nomen,
598 137 742 188 irritaverat
759 137 898 203 (lecinam,
909 154 941 194 ut

11 227 115 260 novus
132 209 215 260 adbuc
223 245 230 270 ,
246 219 272 259 et
284 211 309 259 in
324 221 439 260 senatum
452 226 532 277 nuper
543 209 672 270 adscitus,
684 208 783 276 maguis
798 213 941 266 inimicitiis

10 285 191 334 claresceret.
209 283 386 334 Moderatione
401 284 537 334 meliorum
554 284 683 352 dirempti.
695 285 729 334 Et
739 283 837 336 rediere
850 305 941 340 omnes

12 359 193 420 Bononiam,
207 357 292 410 turries
306 358 482 408 consiliaturi:
494 359 586 418 simul,
603 357 689 408 medic
703 361 843 426 temporis,
855 364 942 428 plures

6 432 116 496 ,nuntii
130 433 301 497 sperabantur.
316 431 453 490 Bononio,
468 430 557 482 divisis
574 447 619 498 per
633 432 724 482 itinera
735 433 780 497 qui
793 437 942 488 recentissi-

13 521 104 556 mum
126 503 251 571 quemque
268 511 510 572 percunctarentur,
528 507 697 571 interrogatus
712 505 822 558 Othonis
833 510 942 559 libertus

17 598 36 629 r<
45 594 159 629 causam
170 576 304 645 digreseils,
315 579 407 628 bebere
417 593 443 627 se
452 595 569 644 suprema
577 578 630 643 ejus
637 577 757 628 mandata
765 597 780 628 u
792 569 941 648 respoudit}

15 672 35 702 u
43 656 140 720 ipsum
150 654 276 702 viventem
288 652 393 718 quidem
402 653 520 702 relictum
529 689 536 712 ,
546 653 591 720 sed
602 653 654 702 soli
662 654 822 720 posteritatis
832 657 908 720 cura,
918 669 946 709 et

12 725 148 792 abruptis
161 726 215 775 rite
226 725 440 776 blandimentis».
455 727 523 776 Hinc
538 725 690 794 admiratio,
702 736 729 775 et
739 726 812 794 plura
828 730 943 782 interro-

10 799 108 869 gandi
121 799 214 866 pudor.
229 799 319 865 Atque
329 803 446 850 omnium
458 801 537 849 animi
547 802 574 850 in
584 800 718 851 Vitellium
728 801 894 857 inclinavere.

55 871 133 922 mv.
147 869 270 924 Intererat
279 873 390 936 consiliis
401 872 479 922 frater
489 873 543 936 ejus
552 873 582 921 L.
592 873 722 933 Vitellius,
734 889 809 940 teque
818 875 868 937 jam
877 876 946 927 adu·

11 947 145 1000 lantibus
153 944 287 1012 offerebam
297 965 375 1012 quum
385 946 488 1013 repente
497 949 589 998 Coenus
597 984 604 1006 ,
612 948 720 997 libertus
727 946 840 998 Neronis
848 986 855 1010 ,
864 944 948 1002 atroci

12 1017 166 1072 mendacio
172 1020 304 1070 universos
313 1020 422 1084 perculit
431 1057 438 1078 ,
450 1019 585 1070 adfirmans
597 1031 772 1087 «superventu
782 1023 946 1087 quartadeci-

13 1112 73 1148 ωτι
86 1093 204 1159 legionis,
214 1095 305 1159 junctis
314 1093 328 1142 'a
337 1094 645 1152 Brixelloviribus,cesos
653 1096 771 1157 victores,
779 1113 879 1146 versam
890 1115 948 1164 par·

20 1171 100 1223 tium
110 1166 240 1224 fortunam
247 1187 272 1218 n.
285 1170 365 1218 Causa
375 1165 487 1231 fingendi
495 1165 559 1224 fuit,
570 1177 599 1214 ut
607 1165 746 1230 diplomata
755 1166 876 1228 Othonis,
891 1188 946 1236 quc

12 1242 231 1307 negligebantur,
241 1242 336 1292 latiore
341 1241 433 1289 nuntio
443 1240 639 1289 revalescerent.
647 1241 682 1287 Et
691 1241 781 1290 Coenus
790 1242 894 1306 quidem
903 1261 946 1294 ra·

13 1314 89 1384 pide
98 1316 126 1363 in
136 1315 226 1365 urbem
237 1326 336 1378 vectus,
346 1329 440 1382 paucos
451 1323 510 1378 post
519 1311 573 1359 dies
582 1346 589 1367 ,
599 1310 668 1374 jussu
678 1311 776 1359 Vitellii
787 1330 873 1378 poenae
885 1318 948 1370 luit.

14 1393 180 1441 Senatorum
191 1392 332 1455 periculum
345 1401 462 1445 auctum,
473 1385 638 1436 credentibus
647 1383 800 1434 Othonianis
810 1389 945 1451 militibus,

17 1481 90 1515 vera
101 1476 159 1511 esse
175 1479 229 1526 que
240 1461 417 1512 afferebantur.
430 1458 584 1508 Intendebat
595 1456 775 1515 formidinem,
786 1460 837 1523 qub
848 1465 946 1527 publici

17 1537 133 1590 consilii
150 1533 215 1586 facie
229 1535 373 1588 discessum¹
385 1533 500 1590 Mutine,
512 1533 667 1596 desertaque
678 1535 764 1598 partes
776 1530 869 1585 forent.
885 1528 939 1588 llec

17 1608 97 1663 ultrd
116 1609 143 1658 io
162 1624 296 1674 commune
318 1609 456 1672 congressi,
475 1606 523 1656 sibi
543 1605 650 1671 quisque
669 1604 819 1655 consuluere
839 1629 845 1659 :
865 1611 949 1663 donec
988 1639 992 1646 ·

16 1687 113 1737 misse
122 1680 136 1731 l
145 1681 226 1732 Fabio
235 1683 342 1732 Valente
355 1681 466 1747 epistolae
474 1679 610 1729 'demerent
622 1690 729 1730 metum.
739 1679 773 1730 Et
784 1695 852 1734 mors
863 1683 947 1737 Otho.

16 1761 83 1819 nie,
95 1754 147 1821 quit
156 1755 316 1817 laudabilior,
322 1755 354 1804 eb
365 1751 588 1804 velociriseudita.
725 1759 736 1792 l

57 1829 122 1884 LV.
135 1829 170 1880 At
179 1831 264 1878 Rome
273 1827 338 1878 nibil
352 1825 541 1893 trepidationis.
554 1826 672 1881 Cereales
681 1825 736 1881 ludi
746 1844 779 1878 es
788 1845 946 1899 mor-espec.

18 1908 162 1960 subeatur.
171 1903 208 1952 Ut
216 1905 340 1953 «cessisse
348 1902 400 1952 viti
407 1901 547 1961 Otbouem,
555 1914 581 1950 et
588 1901 602 1950 l
609 1902 814 1964 FlavioSabino,
825 1906 945 1972 prefecto

20 1980 105 2033 urbis
113 2013 120 2038 ,
129 1977 199 2044 quod
210 1989 264 2026 erat
275 1978 300 2026 iu
312 1975 375 2024 urbe
385 1977 498 2024 militurn
511 1978 670 2025 saciamento
678 1978 778 2027 Vitellii
787 1980 904 2032 eductum
914 1999 946 2048 a,

20 2055 100 2106 certi
110 2063 225 2103 auctores
239 2047 556 2110 intbeutrumattuleruut,
569 2049 945 2120 Vitellioptausere:poputus,

21 2144 93 2182 cum
104 2127 178 2176 lauru
184 2141 218 2180 ac
226 2125 332 2173 foribus
338 2158 346 2181 ,
355 2120 443 2170 Galbae
455 2121 576 2192 imagines
584 2119 681 2169 circum
691 2123 786 2186 templa
795 2126 869 2186 tulit,
880 2143 945 2178 con·

14 2189 112 2271 'gestis
122 2200 149 2247 in
158 2197 262 2247 modum
271 2195 366 2246 tumuli
374 2194 486 2251 corcula,
497 2193 567 2257 juxta
575 2194 659 2241 lacum
669 2192 764 2252 Curtii,
774 2212 850 2260 quesn
858 2199 944 2252 locum

23 2273 120 2328 Galba
129 2273 239 2321 moriens
251 2269 372 2335 sauguine
383 2267 513 2318 infecerat.
525 2265 557 2315 ln
567 2278 658 2316 senatu
672 2278 777 2327 onoma,
787 2270 870 2337 longis
878 2275 945 2325 elic·

23 2363 93 2404 rum
105 2345 288 2414 principatibus
296 2342 456 2408 composita,
466 2338 742 2391 statimdeeernuntur.
755 2335 854 2394 Addita
864 2365 945 2416 eergo
1019 2355 1023 2362 '

24 2419 205 2476 Germanicos
214 2417 338 2468 exercitus
350 2413 451 2474 laudes,
461 2424 594 2479 gratesque
605 2431 619 2462 u
633 2432 640 2462 z
650 2406 676 2463 et
685 2417 762 2464 missa
771 2417 879 2483 legatio,
889 2440 945 2487 qua

23 2495 129 2566 gaudio
141 2492 296 2558 fungeretur.
306 2491 426 2539 Recitata
438 2489 509 2537 Fabii
518 2483 637 2538 Valentis
646 2487 757 2553 epistole
765 2489 946 2546 ‚adconeulea

25 2573 136 2636 scripte
150 2566 218 2616 baud
232 2563 399 2628 immoderate
414 2581 420 2614 ι
435 2563 531 2630 gratior
541 2563 643 2612 Cecinc
657 2560 783 2613 modestia
796 2562 861 2632 fuit,
875 2565 945 2632 quod

25 2661 86 2697 non
99 2641 248 2708 scripsisset.

61 2717 139 2769 LVI.
154 2714 273 2764 Ceterdm
282 2712 355 2762 ltalia
364 2710 464 2779 gravilia
471 2723 547 2775 atque
555 2707 680 2773 atrocius,
691 2710 767 2776 quiam
777 2711 845 2762 bello
853 2713 944 2768 adflic-

28 2793 155 2844 tabatur:
169 2787 276 2854 dispersi
288 2803 333 2852 per
347 2786 486 2851 municipia
501 2795 528 2832 et
540 2784 654 2833 colonias
662 2784 806 2846 Vitelliani,
820 2790 945 2854 spoliare,

2 2911 3 2916 ,
26 2879 143 2933 rapere,
157 2863 183 2912 vi
194 2873 221 2910 et
234 2862 327 2926 stupris
339 2861 452 2927 polluere
466 2878 472 2910 :
487 2860 514 2907 in
526 2875 603 2908 omne
617 2857 655 2906 fas
670 2857 788 2924 nefasque
802 2862 887 2921 aridi,
900 2879 945 2917 aut

27 2938 154 2996 venales,
165 2953 216 2986 uon
227 2949 298 2984 sacro
305 2970 314 2994 ,
325 2935 378 2984 sion
389 2933 497 3000 profano
511 2932 681 2982 abstinebant.
697 2933 730 2982 Et
743 2933 826 2994 fuere,
837 2939 882 3003 qui
893 2940 944 2989 int.

30 3017 119 3070 micos
128 3025 202 3066 suos,
213 3008 295 3074 specie
306 3008 435 3071 militum,
447 3007 625 3058 interficerent.
636 3004 738 3072 Ipsique‘
746 3002 852 3065 milites,
862 3012 946 3075 regio·

31 3102 100 3142 ntem
109 3083 195 3150 gnari,
206 3080 310 3132 refertos
321 3096 409 3146 agros,
420 3080 484 3131 dites
497 3080 628 3139 dominos,
639 3080 666 3128 io
677 3079 801 3146 predam,
815 3090 858 3127 aut
867 3083 889 3129 si
902 3100 944 3133 re.

29 3169 178 3234 pugnatum
191 3153 271 3218 foret,
285 3154 319 3204 ud
328 3153 455 3222 escidium
465 3153 643 3214 destinabant3
656 3153 773 3201 obnoxiis
784 3151 906 3219 ducibus,
918 3172 945 3210 et

29 3229 172 3303 probibere
181 3244 234 3276 non
243 3227 327 3276 ausis:
338 3225 421 3276 minias
434 3227 545 3277 avaritie
552 3226 578 3272 iu
588 3224 700 3284 (lecina,
712 3224 769 3289 plue
779 3223 925 3279 ambitionis
937 3247 943 3278 :

31 3308 146 3368 Valens,
161 3301 316 3360 oblitteret
330 3307 439 3372 questus
449 3298 566 3362 infamis,
582 3295 663 3364 edere
675 3296 765 3348 aliene
778 3297 855 3346 “itm
865 3302 945 3371 culpa

766 3368 791 3430 Q
832 3393 835 3399 ,
