2100 3709
293 11 532 56 msaoarsauss
550 11 615 54 tra.
633 14 671 53 ιι.
914 18 938 75 tq

14 95 131 166 imperii
148 96 225 160 alter,
242 107 269 149 et
279 100 368 165 primi·
379 98 475 148 militiae
487 98 560 147 aunis
570 95 638 163 apud
657 93 821 145 Germanicos
838 112 940 161 quoqne

14 174 152 224 exercitus
164 174 256 223 clarus.
272 173 418 223 Absurdum
431 173 524 231 luerit,
538 190 590 223 uon
601 171 688 221 cedere
702 172 808 239 imperio
821 172 843 220 ei
852 209 859 232 ,
869 174 940 235 ouius

17 248 111 296 filiurn
125 245 291 312 adoptaturus
303 262 400 308 essem,
415 248 436 296 si
448 248 501 313 ipse
513 248 672 313 imperarem.
686 242 804 293 Ceterum
817 248 940 313 internus

19 337 83 369 non
94 320 165 369 idem
180 336 359 387 prosperarum
374 320 584 385 adversarumque
598 333 681 367 rerum
697 316 759 365 ordo
772 317 829 365 erit.
841 318 905 365 Nam
919 316 942 365 sl

15 402 160 453 vincimus
168 438 175 461 ,
184 402 319 459 honorem,
331 417 407 464 quem
420 398 519 451 dederis
528 437 534 463 ,
544 398 645 447 habebo
656 416 661 447 :
674 395 811 445 discrimen
819 430 825 453 ,
834 412 862 443 ac
872 396 946 460 peri·-

17 475 104 533 cula,
122 491 153 524 ex
163 492 234 539 equo
242 477 368 540 patiemur
379 492 385 521 ε
398 476 476 524 immo
485 509 492 530 ,
502 484 531 521 nt
544 470 633 521 melius
643 480 696 531 est,
711 481 739 519 tu
754 467 807 518 hos‘
815 470 941 519 exercitus

17 564 88 614 rege
98 565 107 615 ς
119 548 187 623 mihi
202 550 316 602 bellum.
335 561 361 598 et
377 550 523 615 praeliorum
541 548 637 596 incerta
654 542 734 594 trade.
750 544 854 593 Aeriore
864 543 941 593 hodie

21 621 168 687 ditoiplinai
179 624 256 682 victi,
272 622 349 689 quim
365 624 476 672 uictores
489 632 568 686 agunt
581 620 643 669 :hos
656 620 708 676 ira,
719 618 821 677 odium,
836 617 941 667 ultiouis

16 701 158 768 cupiditas
169 703 201 751 ad
212 706 334 753 virtutem
345 704 478 754 aseendit:
492 706 530 753 illi
545 719 590 770 per
602 701 747 760 fastidium,
759 712 785 749 et
799 712 939 749 contuma-

15 777 95 825 ciam
105 775 254 826 hebescunt.
263 776 370 843 Aperiet
380 792 406 827 et
415 775 530 826 recludet
541 785 657 825 contecta
671 784 696 821 et
708 775 872 825 tumescentia
884 774 940 821 ric-

14 851 131 901 tricium
147 852 259 915 pirtinm
274 852 380 901 vulnera
394 852 492 902 bellum
507 852 600 915 Ipsum.
616 848 669 897 Nee
685 846 749 895 mibi
763 848 842 911 major
857 850 882 897 iu
896 847 940 897 tud

1 924 172 990 'vigilantiI‚
187 925 359 990 patrimonii,
378 924 516 991 sapientia,
534 922 625 971 fiducia
642 932 695 983 eat,
713 920 789 987 quhrp
799 922 824 969 iu
840 922 940 971 Vitellii

13 1015 148 1071 torpore,
167 1004 281 1063 in'scit'ul,
301 1005 402 1053 euritii.
423 1004 471 1053 Sed
490 1017 516 1052 et
534 1006 668 1053 meliorem
686 1004 711 1051 in
730 1004 800 1052 hello
820 1020 937 1069 cansam,

13 1079 103 1146 qudm
111 1080 207 1143 inpare
215 1078 337 1127 babemus
348 1096 354 1127 ι
365 1080 478 1142 namqui
491 1066 647 1135 delib'eraut,
658 1076 849 1127 desciveruntt

51 1150 205 1201 LXXVIII.
224 1152 285 1200 Post
303 1151 415 1201 Muciani
427 1152 569 1200 orationem
583 1151 661 1199 ceteri
675 1149 809 1199 audentilrs
826 1154 937 1199 circum-

14 1227 135 1288 sistere,
147 1223 261 1285 hortari,
272 1240 414 1291 «responsa
428 1235 530 1283 ratum,
544 1235 570 1272 et
581 1222 691 1271 siderum
702 1236 788 1273 motus
802 1237 818 1272 u
834 1223 939 1274 referre.

11 1299 78 1348 Nee
89 1302 257 1349 eratintaetua
268 1300 312 1349 tali
323 1299 519 1365 superstitione,
530 1300 611 1363 utqui
623 1313 695 1359 mox,
703 1296 791 1347 vrerum
804 1296 922 1347 dominus
933 1337 941 1359 ,

11 1378 157 1428 Seleucum
167 1378 305 1443 quemdam
315 1379 522 1429 mathematicum
532 1416 539 1439 ,
549 1392 673 1428 rectorem
682 1389 708 1425 et
716 1378 848 1443 praescitam
855 1380 939 1443 palam

13 1452 155 1501 babuerit.
174 1453 349 1503 Recursabant
363 1454 448 1502 auimo
461 1465 548 1503 vetera
560 1456 662 1503 omina:
677 1466 811 1517 cupressus
822 1450 895 1498 arbor
913 1453 940 1498 in

15 1527 93 1591 agris
108 1524 162 1587 eius
172 1562 180 1584 ,
191 1519 328 1593 conspicua
342 1524 489 1589 altitudine,
507 1525 612 1593 repentis
626 1522 783 1592 prociderat,
797 1523 940 1589 asportari
1023 1590 1030 1595 -

18 1601 88 1659 dle,
98 1598 189 1648 eodem
202 1600 310 1665 vestigio
320 1614 468 1665 resurgent,
478 1614 583 1665 procera
595 1610 622 1649 et
633 1601 708 1649 latior
718 1598 814 1647 virebat
824 1616 829 1645 :
844 1597 940 1663 grande

17 1674 68 1733 isi,
91 1686 309 1738 prosperumque,
330 1688 454 1722 comensu
472 1673 636 1740 haruspicum
647 1684 689 1721 :et
703 1685 801 1722 summa
814 1670 939 1721 claritudo

10 1747 112 1815 juveni
128 1746 266 1795 admodum
280 1746 437 1813 Vespasiano
454 1748 587 1812 promissa.
602 1746 650 1797 Sed
661 1746 744 1813 primb
760 1744 938 1811 triumphalia,

13 1840 46 1879 et
66 1821 225 1889 consulatus,
243 1838 269 1875 et
277 1825 386 1876 Iudaicas
397 1826 508 1875 victoriae
521 1826 612 1894 decus,
625 1826 743 1893 implesse
756 1826 831 1875 iidem
843 1826 935 1875 ominis

13 1898 197 1951 videbantur:
210 1900 239 1947 nt
248 1898 300 1949 baec
315 1900 421 1966 adeptus
433 1913 484 1961 est,
496 1902 615 1967 portendi
630 1902 677 1951 eibi
691 1904 824 1969 imperium
840 1898 933 1959 erede-

14 1974 80 2026 ba't.
90 1974 137 2022 Est
148 1972 258 2022 Iudaeam
267 1974 333 2021 inter
343 1972 492 2036 Syriamque
502 1975 648 2032 Carmelus,
659 1974 694 2023 ita
702 1985 794 2024 vocant
805 1982 933 2037 montem,

15 2050 171 2110 deumque:
184 2062 230 2096 nec
242 2046 405 2095 simulacrum
415 2045 477 2107 deo,
490 2046 535 2091 aut
545 2044 683 2109 templum3
697 2048 732 2095 sic
744 2046 869 2095 tradidere
879 2064 935 2096 ma-

11 2125 92 2191 jores
102 2137 108 2167 ι
118 2119 265 2168 aratantrim
272 2131 297 2167 at
305 2116 457 2167 reverentia.
467 2115 522 2163 lllic
529 2116 679 2163 sacrificanti
686 2118 849 2183 Vespasiano,
857 2136 936 2182 quum

16 2212 84 2264 spes
94 2194 208 2242 occultas
221 2194 330 2243 versaret
341 2188 580 2254 animo,·Basilides
590 2186 721 2255 sacerdos,
733 2190 852 2257 inspectis
863 2192 939 2241 ideu‘-
999 2248 1008 2259 ,

21 2270 113 2322 tidem
121 2268 199 2327 eatis,
210 2266 362 2332 nQuidquid
374 2276 444 2326 estu,
456 2265 556 2328 inquit,
570 2264 745 2329 ‹rVeapasiane
752 2302 760 2325 ,
771 2266 839 2329 quod
850 2284 938 2333 paras,

21 2368 75 2403 seu
86 2352 192 2399 domum
206 2359 348 2411 exstruere,
360 2363 404 2396 sen
417 2346 544 2413 prolatare
555 2360 641 2409 agros,
654 2345 706 2394 sire
718 2344 839 2412 ampliare
854 2350 937 2398 serri-

19 2430 80 2488 tia,
101 2423 177 2473 datur
192 2420 240 2472 tihi
253 2427 343 2486 magna
360 2419 448 2476 sedes,
462 2420 576 2483 ingentes
590 2418 704 2478 termini,
722 2419 832 2465 multum
850 2420 938 2468 homi·

19 2505 127 2552 numu.
140 2496 192 2545 llas
199 2496 316 2560 ambages
328 2504 355 2542 et
362 2493 448 2541 statim
457 2503 589 2558 exceperat
598 2490 673 2551 lama,
683 2502 709 2539 et
721 2504 782 2540 tune
791 2492 920 2558 aperiebat
931 2512 936 2541 ι

18 2586 74 2626 neo
85 2568 224 2635 quidquam
238 2568 318 2633 magis
329 2568 354 2615 in
365 2582 410 2614 ore
420 2566 505 2628 vulgi:
520 2564 661 2615 crebriores
670 2564 738 2631 apud
747 2566 829 2632 ipsum
839 2584 937 2617 sermo-

18 2662 72 2699 nes
81 2665 88 2707 3
98 2642 194 2707 quantd
206 2641 365 2707 sperantibus
374 2639 447 2703 plura
456 2634 584 2703 dicuntur.

56 2715 186 2768 LXXIX.
199 2714 277 2762 Hand
285 2712 362 2762 dubii
371 2711 540 2759 destinatione
550 2708 834 2771 discessere,Mucianue
843 2714 936 2766 Antro—
989 2744 1003 2757 s

20 2798 112 2850 chiam
120 2833 129 2855 ,
138 2795 308 2861 Vespasianus
316 2794 454 2842 cesaream
464 2808 470 2837 r
482 2790 524 2838 illa
535 2790 625 2856 Syriae,
637 2790 789 2855 baecAJudrea
800 2808 875 2861 caput
887 2807 934 2846 est.

19 2872 134 2925 Initium
151 2866 248 2917 latendi
266 2866 298 2915 ad
315 2865 499 2931 Vespasianum
519 2856 620 2929 imperii
637 2864 791 2915 Alexandria
809 2881 934 2935 coeptum,

20 2946 164 2999 festinante
171 2942 275 2991 'liberio
283 2938 431 3007 Alexandro
436 2975 444 2996 ,
453 2934 627 3003 qniKalendis
636 2938 710 2988 Iullis
719 2942 941 3005 sacramentoque

21 3021 142 3086 legiones
152 3014 243 3081 adegit.
259 3016 333 3079 Itque
342 3011 441 3080 primus
455 3012 610 3079 principatus
622 3012 676 3061 dies
690 3014 854 3081 inposterum
869 3018 937 3063 cele·

22 3098 135 3146 bratus,
147 3090 268 3154 ,quamvis
286 3087 406 3137 Iudaicus
421 3088 548 3136 exereitus
565 3089 654 3150 quinto
672 3086 760 3137 Nonas
775 3087 852 3135 Julius
869 3078 937 3153 apud

25 3171 114 3234 ipsum
122 3164 240 3229 jurasset,
250 3181 281 3213 eo
289 3164 379 3214 ardore
386 3199 394 3224 ,
402 3174 428 3210 ut
436 3161 547 3221 neTitue
555 3161 655 3225 quidem
665 3161 730 3209 filius
740 3173 936 3227 exspeetaretur,

21 3241 225 3308 Syriiremeans,
234 3250 259 3288 et
267 3236 503 3290 consiliorummter
517 3233 664 3287 Mucianum
672 3244 804 3299 acpatrem
812 3232 932 3283 nuntius:

734 3302 786 3367 Qt
