2100 3709
49 7 100 64 soss
361 19 386 62 c.
405 15 501 61 coaa.
516 15 633 60 sacrrr

49 107 130 173 artius
143 108 225 162 oculis
239 115 266 155 et
279 107 377 172 pectori
389 105 499 168 haerens,
516 107 571 155 sive
583 103 709 172 explendi
720 101 899 166 simulatione,
909 117 988 156 seu

46 183 163 249 periturae
181 180 271 230 matris
292 193 425 246 supremus
443 177 590 246 adspectus,
607 179 724 243 quamvis
740 177 824 228 lerum
842 181 984 230 animm

46 258 182 306 retinebat.
709 257 729 306 Ι
936 259 950 286 s

78 329 113 378 V.
127 330 236 390 Noctem
246 327 371 380 sideribus
380 325 517 389 illustrem,
529 336 555 374 et
563 325 666 394 placido
675 327 740 388 mari
746 327 874 393 quietam,
885 326 973 391 quasi

46 402 250 452 convincendum
261 399 294 450 ad
312 399 408 458 scelus,
422 397 460 446 dii
473 399 610 463 praebuere.
627 397 684 451 Nec
701 399 815 455 multdm
827 413 883 450 erat
895 417 972 466 pro-

45 490 130 540 gressa
147 476 234 540 naris,
249 473 349 523 duobus
362 471 376 519 l
390 485 497 520 numero
509 470 673 522 familiarium
686 473 855 542 Agrippinam
873 475 973 522 comi-

46 550 159 600 tantibus
173 567 179 598 ι
192 565 223 598 ex
240 546 297 612 quis
312 545 462 610 Crepereius
473 543 564 593 Gallus
580 543 650 594 haud
666 549 757 613 procul
777 547 970 614 gubernaculis

47 621 174 687 adrtabst;
187 620 342 678 Acerronia,
354 630 430 682 super
436 616 515 684 pedes
525 620 663 670 cubitantis
673 621 791 679 reclinis,
806 621 970 687 upoeniten-

46 699 110 748 tiam
119 700 180 756 filii,
195 709 221 746 et
231 689 397 760 reciperatam
410 693 498 742 matris
506 694 648 760 gratim»,
660 712 707 762 per
718 696 840 763 gaudium
852 710 969 746 menre-

46 772 244 836 rabatzxquum,
264 768 325 816 date
344 766 434 831 signo,
453 783 529 815 ruere
546 777 644 817 tectum
661 769 727 828 loci,
746 770 829 818 multo
847 769 967 835 plumbo

47 859 137 909 μενος
151 857 299 912 pressusque
311 839 475 905 crepereids,
487 850 513 890 et
528 841 613 890 statim
624 844 784 892 exanimatus
795 856 843 893 est.
858 843 967 909 Agrip-

45 918 104 984 pina
117 930 143 968 et
154 910 293 968 ¹l'cerronia
302 914 474 964 eminentibus
485 915 545 964 lecti
556 916 713 980 parietibus,
726 935 755 967 ac
768 917 835 967 forte
844 917 965 966 validio-

45 991 129 1049 ribul,
147 990 223 1056 quim
236 1003 265 1039 ut
283 989 356 1038 oneri
375 987 510 1048 cederent,
527 1000 649 1054 protecta
665 1003 741 1041 sunt:
754 1007 803 1040 nec
817 991 964 1040 dissolutio
1036 1047 1039 1068 ι

44 1070 140 1134 navigii
156 1069 322 1133 sequebatur,
335 1066 447 1116 turbatis
458 1067 597 1126 omnibus,
612 1080 639 1118 et
654 1070 725 1135 qubd
741 1070 855 1137 plerique
872 1066 964 1134 ignari

45 1143 123 1190 etiam
133 1144 248 1192 conscios
257 1135 440 1208 impediebant.
448 1143 542 1191 Visum
549 1141 640 1194 dehinc
649 1143 803 1211 remigibus,
815 1161 920 1193 «uuum
930 1147 963 1196 in
1040 1141 1041 1154 ¹

44 1215 111 1266 latus
123 1217 243 1266 inclinare
254 1239 263 1276 ,-
275 1227 350 1281 atque
364 1216 399 1265 ita
416 1232 510 1266 navem
524 1219 718 1285 submergere».
733 1217 783 1268 Sed
797 1233 878 1284 neque
892 1219 962 1285 ipsis

44 1302 178 1356 promptus
193 1291 287 1340 iurem
302 1289 413 1340 subitam
431 1303 633 1356 consentanee
649 1291 709 1355 alii,
724 1289 814 1341 contri
827 1293 962 1354 nitentes,

45 1362 137 1414 dedere
147 1365 295 1416 facultatem
305 1367 410 1415 lenioris
420 1367 447 1416 in
456 1383 527 1416 mare
539 1367 630 1432 jacula.
641 1365 739 1418 Verirm
751 1363 889 1415 Acerronia
901 1365 960 1414 iru-

45 1437 172 1502 prudens,
191 1439 253 1488 dum
271 1455 318 1490 «se
331 1438 499 1506 Agrippinam
511 1456 578 1506 esee,
592 1451 670 1505 utque
688 1439 866 1488 subveniretur
876 1435 961 1488 matri

44 1513 189 1580 principisu
204 1513 333 1572 clamitat,
345 1513 428 1562 contis
439 1525 466 1562 et
475 1515 568 1570 remis,
581 1524 606 1562 et
616 1529 669 1576 que
679 1509 730 1562 fors
742 1510 869 1561 obtulerat
876 1525 959 1559 nava·

44 1585 113 1635 libus
122 1587 179 1636 telis
185 1587 327 1635 conficitur.
335 1583 477 1656 Agrippina
487 1583 667 1648 silens,edq'ue
676 1582 759 1631 mincis
766 1580 862 1648 agnita,
871 1597 960 1631 unum

45 1669 131 1706 tamen
143 1659 235 1706 vulnus
246 1657 354 1703 humero
364 1656 470 1718 excepit.
483 1653 591 1715 Nande,
603 1654 696 1705 deinde
710 1656 817 1706 occitrsu
826 1656 959 1705 lenuncu-

47 1731 130 1780 lorum
141 1767 146 1787 ,
157 1730 294 1778 Lucrinum
304 1726 423 1774 tatarum
433 1737 520 1787 vecta,
531 1729 597 1777 villas
605 1745 654 1777 sun
665 1728 784 1780 insertur.

79 1803 127 1850 Vl.
139 1803 195 1850 lllic
204 1812 338 1866 reputans,
348 1797 407 1862 ideo
416 1815 442 1847 se
449 1798 682 1850 fallacibuslitteris
690 1803 796 1850 accitam
806 1838 813 1864 ,
822 1813 848 1851 et
855 1799 958 1852 honore

46 1876 174 1943 praecipuo
190 1873 300 1921 habitam
313 1887 320 1936 3
333 1869 451 1935 quodque
465 1871 540 1922 littus
553 1874 640 1936 juxta,
652 1891 704 1924 non
717 1878 801 1924 ventis
812 1888 885 1932 acta,
900 1893 957 1925 non

49 1950 116 1998 saris
126 1946 329 2012 impulsanavis,
341 1945 439 1994 summi
453 1947 492 1997 sui
505 1960 590 2015 parte,
604 1949 686 2001 veluti
696 1962 810 2001 terrestre
821 1951 961 2000 machina-⁸

45 2031 159 2070 mentum
171 2015 337 2080 concidisset,
350 2016 487 2069 observans
503 2023 581 2073 etiam
599 2023 742 2073 Acerroniae
753 2040 841 2072 necem
853 2042 861 2088 3
875 2020 956 2073 iimul
976 2061 981 2071 .
1042 2058 1044 2061 -

47 2109 121 2142 auum
139 2091 233 2139 vulnus
249 2088 407 2157 adspiciens:
429 2094 511 2145 solum
522 2097 673 2148 insidiarum
690 2097 830 2148 remedium
844 2090 919 2151 esse,
932 2098 956 2146 si

47 2183 99 2216 non
109 2165 324 2229 intelligerentur:
335 2165 405 2216 misit
412 2166 535 2230 libertum
541 2170 690 2238 Agerinum,
699 2171 742 2236 qui
748 2171 876 2219 nuntiaret
883 2169 954 2230 lilio,

50 2240 225 2304 ubenignitate
244 2235 336 2295 deum,
352 2249 377 2286 et
395 2237 498 2290 fortuni
510 2242 579 2311 eius,
598 2250 707 2294 evasisse
725 2246 832 2309 gravem
846 2257 953 2291 casum:

46 2330 132 2374 orare,
143 2322 172 2359 ut
181 2311 297 2382 quamvis
308 2312 422 2378 periculo
432 2314 520 2363 mattis
531 2316 682 2373 exterritus,
694 2315 794 2364 risendi
803 2331 889 2364 curam
899 2314 953 2364 dir-

45 2387 142 2439 lcrret:
157 2387 206 2435 sihi
222 2385 374 2454 adpraesens
390 2389 473 2452 quiete
491 2388 584 2456 opus».
598 2391 681 2456 Atque
693 2390 798 2449 interim
816 2391 953 2441 securitate

45 2461 175 2523 simulati,
184 2460 351 2510 medicamina
358 2463 456 2511 vulneri
464 2467 504 2519 ,et
511 2461 623 2512 fomenta
632 2464 733 2528 corpori
740 2463 851 2511 adhibet.
864 2463 952 2510 «Tes-

45 2539 187 2579 tamentum
198 2525 343 2577 Acerroniae
351 2529 460 2592 requiri,
471 2529 589 2595 bonaque
597 2529 744 2594 obrigueric
753 2527 839 2590 jubet:
852 2526 878 2574 id
890 2537 951 2578 ten·

43 2598 100 2649 tiam
112 2617 163 2649 non
177 2616 223 2664 per
233 2599 430 2649 simulationem.
833 2617 852 2648 a

77 2673 141 2723 Vll.
154 2671 191 2720 ·At
202 2669 318 2728 Neroni,
336 2671 440 2722 nuntios
454 2673 548 2736 patrati
557 2671 678 2722 facinoris
691 2672 847 2739 opperienti,
862 2670 951 2722 adfer·

46 2758 89 2796 tur
100 2743 227 2794 cerasisae
237 2743 289 2789 ictu
298 2742 348 2790 levi
358 2745 481 2801 sauciam,
492 2755 518 2792 et
529 2745 650 2794 hacrentia
659 2746 728 2796 adito
742 2743 904 2803 discrimine,
915 2763 950 2798 ne

45 2830 134 2868 auctor
144 2815 332 2876 dubitaretur».
343 2816 409 2864 Tum
421 2834 514 2884 pavore
526 2820 663 2877 exanimis,
673 2831 699 2868 et
709 2837 724 2868 r
731 2808 781 2880 iarn
794 2817 894 2881 jamque
902 2821 950 2867 sd-

45 2893 119 2943 foreu
131 2890 273 2950 obtestans,
285 2888 420 2939 «vindicta
429 2899 580 2958 properam,
593 2893 645 2941 sive
655 2893 756 2950 servitia
771 2881 894 2950 armaret,
906 2893 949 2941 vel

47 2965 156 3015 militem
166 2961 323 3021 accenderet,
331 2963 382 3012 sive
391 2963 425 3012 ad
433 2976 548 3014 renatum
555 2977 582 3013 et
588 2967 712 3032 populum
719 2963 877 3037 pervaderet,
884 2982 949 3015 nau·

39 3039 167 3104 fragium,
177 3047 202 3084 et
213 3035 319 3094 vulnus,
336 3047 361 3084 et
370 3036 513 3086 interlector
523 3039 619 3086 amicos
630 3038 772 3101 obiiciendo
782 3055 790 3088 z
801 3037 870 3102 quod
883 3055 947 3088 con·

46 3111 84 3162 trit
91 3110 233 3160 subsidium
243 3104 310 3158 sibi?
320 3111 368 3158 uisi
377 3109 438 3173 qutd
447 3112 540 3170 Burrus
547 3123 573 3160 et
582 3111 675 3160 Seneca
682 3113 945 3178 expergiscerenturar

46 3201 110 3248 quos
119 3185 203 3234 statim
209 3183 346 3244 acciverat,
359 3183 482 3231 incertum
493 3199 523 3230 an
534 3184 623 3232 etante
632 3185 832 3250 ignarosdgitur
843 3185 945 3250 longum
976 3247 979 3250 ἢ
994 3247 997 3250 ἢ
1042 3196 1044 3199 ·

47 3257 176 3326 utriusque
190 3256 336 3317 silentium,
350 3270 382 3306 ne
401 3255 468 3306 irriti
485 3253 679 3326 dissuaderent5
696 3275 729 3312 sn
748 3257 781 3310 ed
799 3255 944 3309 descensum

165 3336 172 3362 ι
993 3335 995 3341 ,

656 3364 661 3369 ”
703 3360 715 3384 0

1034 3221 1041 3249 l
