2100 3709
338 115 518 160 assantes
542 121 606 158 ure.
624 125 674 162 xa.
906 103 956 164 '²53

44 197 117 250 eitds
124 197 180 250 dux
187 198 319 260 subactus,
328 199 422 266 primas
430 212 517 263 tamen
528 200 625 253 litteras
633 203 667 253 ad
674 201 959 270 Vologettmsnsop·

43 271 150 338 pelices,
162 271 242 322 sedin
254 271 359 322 modum
372 274 499 340 querentis
510 277 664 342 composuit,
675 277 767 343 equid
775 295 821 346 pro
832 279 960 330 Armeniis

47 361 156 411 semper
167 347 286 396 Romanae
299 344 414 406 ditionis,
424 357 468 396 aut
478 348 599 411 subiectis
608 353 676 416 regi,
688 365 765 416 quem
773 352 909 418 imperator
918 349 961 399 de·

48 416 160 479 legisset
167 453 175 479 ,
185 417 291 470 bestilia
304 420 411 470 laceret:
425 433 514 488 presan
526 438 557 470 ex
570 438 641 488 equo
656 424 746 474 utilem
758 440 764 474 t
775 440 822 474 nso
832 422 962 490 presentis

41 488 156 538 rantum
170 504 295 557 spectaret
308 509 316 542 t
327 497 412 560 ipsum
424 493 546 543 adversus
554 493 617 544 duas
628 496 755 562 legiones,
770 498 832 549 totis
842 497 913 561 regni
922 494 963 542 ei·

49 561 126 611 ribus
144 562 340 624 advenissent
358 567 480 618 Romanis
499 570 589 619 orbern
609 582 735 622 terrarum
755 571 898 637 reliquum,
913 581 965 632 quo

50 634 156 684 bellum
171 636 285 702 jurarent
298 656 323 689 s.
410 669 412 674 ·

89 707 164 759 xiv.
181 709 220 759 Ad
230 729 260 760 ea
269 711 420 779 Vologeses,
430 713 495 766 nibil
504 729 551 782 pro
560 714 633 764 causi
643 752 651 780 ,
667 714 712 766 sed
721 715 908 784 «opperiendos
916 713 967 764 sibi

51 777 165 844 iratres,
180 783 304 834 Pacorum
315 802 343 835 sc
355 787 524 845 Tiridaten»,
540 790 683 855 ascripsit:
699 791 793 840 aillrrm
807 791 893 840 locum
902 799 966 842 tenir

52 870 158 922 pueque
174 859 283 908 consilio
297 859 469 924 destinatum,
482 877 533 927 quo
551 859 583 910 de
603 861 722 912 Armenii
736 873 884 913 cernerent:
897 859 967 924 adje-

23 937 30 956 ‘
54 927 121 978 cisse
133 929 194 980 deos
205 929 309 996 dignum
322 931 517 994 Arsacidarum,
530 935 640 997 simulet
652 936 685 984 ds
693 935 835 1000 legionibus
845 930 967 984 Romanis

54 1011 232 1053 statuerenta.
249 1005 324 1054 Missi
341 1007 400 1072 post
415 1007 510 1057 lPaato
528 1008 628 1069 nuntii,
641 1019 669 1057 et
686 1009 775 1074 srsgis
786 1007 965 1071 colloquium»

42 1075 183 1144 petitum,
199 1079 242 1142 qui
260 1079 410 1138 eVasacsn,
420 1080 566 1144 prefectum
581 1081 720 1147 equitatds,
731 1083 790 1132 ires
805 1082 889 1146 iussit.
900 1079 967 1127 Tum

43 1145 143 1195 -Psrus
150 1184 158 1209 ,
174 1157 187 1197 t
197 1149 334 1211 Lucullos,
345 1151 495 1217 Pompeios,
510 1165 536 1202 et
550 1155 571 1202 si
582 1169 630 1217 qua
645 1156 753 1203 cesares
765 1152 909 1204 obtinenda
920 1150 968 1198 do-

59 1219 969 1291 naudaeveArmeniaegerastmlsasaces,oimaginemretineadilargien-

60 1293 121 1342 dire
129 1311 206 1362 penes
217 1314 283 1360 nos,
293 1298 345 1347 rim
355 1314 433 1362 penes
443 1297 550 1347 Parthos
557 1316 573 1346 n
584 1313 717 1348 memorat.
732 1301 765 1348 Et
778 1303 886 1348 multum
895 1295 968 1344 invi-

56 1381 116 1415 cem
128 1363 286 1434 disceptato,
298 1367 457 1418 Monobazus
471 1365 619 1418 Adiabenus
635 1373 661 1418 in
676 1372 744 1419 diem
755 1384 885 1435 posterum
897 1367 969 1418 testis

58 1441 106 1502 iis,
117 1453 172 1504 quas
182 1439 354 1508 pepigissent,
366 1437 511 1490 adhibetur.
524 1440 670 1504 Placuisque
683 1442 807 1490 «liberari
818 1439 917 1489 obsidio
926 1440 969 1487 ls-

56 1515 164 1580 5ioaes‚
180 1523 206 1562 et
218 1511 339 1562 decedere
355 1510 579 1563 omuem'mitirem
591 1513 684 1562 finibus
697 1513 897 1576 Armeniorum,
912 1525 970 1560 cas-

57 1587 170 1656 sellaque
187 1599 212 1636 et
225 1599 382 1637 commeatus
400 1585 501 1636 Parthis
514 1585 580 1634 tradi
591 1604 597 1632 :
608 1588 701 1650 quibus
714 1587 864 1653 perpetrastis
875 1620 883 1646 ,
894 1574 969 1652 copis

59 1659 184 1724 Vologesi
194 1660 277 1718 tieret,
289 1659 410 1712 mittendi
423 1658 456 1708 ad
466 1657 595 1708 Neronem
603 1659 700 1723 legatos
709 1675 734 1708 s.

94 1734 156 1786 IV.
175 1731 281 1784 Interim
301 1733 402 1782 ilumiui
414 1732 523 1781 Arsaniae
543 1732 581 1798 (ia
598 1745 678 1781 eastra
691 1729 968 1798 preilusbstlpontem

50 1805 197 1874 imposuit,
211 1807 294 1872 specis
304 1807 352 1855 sibi
364 1805 428 1856 illud
441 1808 489 1855 iter'
498 1797 652 1871 exp-isatis
662 1825 669 1855 ε
681 1806 727 1858 sed
735 1804 830 1864 Parthi,
841 1804 912 1871 quasi
922 1801 969 1850 do·

3 1909 7 1916 ·
59 1891 211 1931 cumeorum
224 1879 348 1944 victoriae,
364 1881 504 1946 iusserant:
517 1894 626 1944 namque
645 1882 676 1930 iis
688 1881 747 1930 usui
756 1879 821 1928 luit:
832 1878 912 1927 nostri
921 1891 968 1942 per

59 1953 192 2003 diversum
202 1951 260 2002 iare.
272 1951 381 2002 Addidit
391 1969 478 2002 rumor
488 1989 495 2008 ,
505 1969 519 2001 a
528 1954 574 2002 sub
583 1954 670 2018 iugum
682 1957 770 2003 missas
780 1953 911 2018 legiones»
921 1986 929 2012 ,
940 1961 967 2000 at

30 2047 36 2060 ⁴
60 2025 111 2076 ¹alia
128 2041 158 2073 ex
171 2023 246 2074 rebus
260 2026 390 2089 infaustis,
403 2029 509 2090 quoium
526 2025 689 2075 simulacrum
705 2026 736 2076 ab
750 2025 878 2076 Armeniis
889 2039 966 2072 usur·

3 2159 5 2164 Ι
60 2109 204 2168 patumest.
213 2097 330 2164 Namque
337 2109 363 2146 st
372 2088 531 2145 munimenta
539 2099 722 2163 ingressisttnt,
730 2110 864 2162 antequam
875 2111 966 2162 agmen

3 2175 5 2180 ’
62 2173 208 2223 Romanum
218 2169 367 2227 excederet.
385 2184 411 2220 et
424 2171 612 2219 circumstetere
620 2175 673 2219 vias
683 2174 780 2237 captiva
791 2173 853 2220 olim
864 2170 965 2219 manci·

59 2242 121 2314 pia.
134 2255 180 2294 'aut
200 2244 311 2308 jumenta
331 2253 509 2308 agnoscentes,
530 2241 759 2307 abstrahentesqus.
781 2245 867 2308 Raptae
888 2244 965 2292 etiam

62 2331 159 2380 vestes,
170 2329 264 2367 retenta
278 2333 359 2377 arms,
370 2315 462 2382 parido
471 2315 775 2379 milits,etcoueedente,
786 2331 818 2363 ne
829 2331 878 2380 qua
886 2315 967 2380 prelii

61 2401 137 2442 musa
147 2391 287 2444 exsisteret.
299 2389 451 2454 Vologeses,
465 2388 541 2436 araris
549 2397 575 2434 et
587 2388 736 2452 corporibus
749 2401 869 2436 caseorum
880 2402 966 2452 aggre-

3 2505 4 2510 ,
64 2463 144 2532 gatis,
157 2461 208 2527 quo
223 2461 322 2512 cladem
331 2474 443 2511 nostram
454 2468 589 2509 testaretur
606 2463 660 2508 risu
676 2461 825 2524 fugientium
836 2459 967 2522 legionum

50 2537 197 2588 ·abstiouit.
212 2535 289 2585 Fama
302 2534 484 2583 moderationis
495 2533 665 2598 quaerebatur,
678 2544 813 2599 postquam
823 2532 966 2597 superbiam

61 2609 219 2676 expleverat.
235 2611 342 2659 Flumen
361 2599 492 2659 Arsaniam
505 2605 641 2673 elephanto
659 2607 783 2663 insidens,
799 2618 825 2656 et
837 2609 967 2672 proximus

65 2683 170 2747 quisque
183 2693 283 2746 regern,
297 2685 321 2730 ri
331 2697 473 2747 equorum,
484 2680 636 2748 perrupere,
647 2683 706 2745 quia
718 2696 806 2730 rumor
815 2681 966 2742 incesserat,

65 2771 82 2806 a
90 2765 194 2823 pontem
205 2769 334 2806 cessurum
347 2755 435 2816 oneri,
448 2753 507 2804 dolo
522 2754 719 2806 fabricantium»
734 2770 740 2802 ε
755 2753 800 2805 sed
814 2756 857 2824 qui
867 2749 966 2819 ingredi

63 2831 118 2883 suri
130 2841 203 2891 sunt,
213 2829 325 2878 validum
334 2841 363 2879 et
374 2827 453 2878 lidum
465 2826 620 2878 intellexere.

96 2903 172 2955 xvi.
183 2901 304 2960 Osteritm
316 2903 423 2954 obsessis
432 2901 496 2951 adeo
506 2901 707 2967 suppeditavisse
715 2917 769 2951 rem
775 2900 966 2952 frumentariam

60 2977 188 3038 constitit,
198 2987 227 3030 ut
238 2975 332 3026 horreis
343 2978 427 3042 ignem
437 2974 571 3040 injicerent
582 2992 588 3023 t
600 2975 738 3040 contrlque
747 2971 963 3041 prodiderttssor·

60 3049 139 3105 bulo.
150 3049 279 3099 «Parthos
289 3053 377 3116 inopes
383 3051 523 3116 copiarum,
535 3049 755 3116 stpabuloattrito
763 3085 770 3110 ,
779 3051 913 3098 relicturos
921 3058 966 3108 op·
1017 3087 1033 3098 .

55 3123 245 3192 perustionem
251 3159 259 3186 ,
274 3137 356 3190 nsque
373 3138 400 3172 ss
417 3122 474 3188 plus
487 3122 569 3173 tridui
585 3125 676 3172 itinere
693 3122 832 3171 abfuisses.
849 3117 964 3181 Adiecit,

50 3227 55 3236 ·
66 3195 249 3260 «iureiurando
261 3196 323 3246 Paeti
331 3187 434 3246 cautam
442 3195 509 3262 apud
518 3195 767 3261 signa,adstaatibus
778 3196 822 3252 iis,
834 3205 899 3258 quos
910 3200 964 3236 res·
1033 3185 1039 3193 ”

64 3269 163 3322 scindo
174 3285 219 3320 rea
234 3271 357 3336 misisset,
373 3268 502 3320 nemiuem
517 3271 662 3318 Romanum
676 3268 823 3318 Armeniam
839 3260 967 3330 ingressu·

50 3359 135 3406 rum,
144 3342 225 3397 donec
235 3341 388 3396 referrentur
396 3342 487 3394 litterar
496 3339 615 3402 auom,
625 3355 658 3390 sn
667 3341 725 3409 paci
736 3349 891 3390 sonueretu.
901 3333 964 3411 Qua
982 3401 985 3406 ι
