2100 3709
327 23 514 80 urlntnnt.
532 33 597 76 tra,
616 27 677 76 xit.
910 37 972 90 177-

45 111 130 170 htntia‘
143 138 150 169 ε
163 123 319 186 vacutmque
332 138 421 170 rursus
431 120 578 170 Armeniam
591 115 771 170 Rhadamisttts
782 113 888 176 invasit,
901 129 959 168 tru-

44 193 172 243 culentior
189 193 265 259 quhm
281 205 370 254 antea,
384 207 502 259 tanquam
515 193 637 242 adversus
655 189 809 249 defectores,
820 191 880 240 etin
891 203 959 240 tem-

43 282 109 332 pore
123 267 303 316 rebellaturos.
321 264 406 332 Atque
418 266 458 315 iili
473 267 589 330 quamvis
604 265 710 313 servitio
721 263 800 323 sueti,
812 265 959 329 patientiam

43 343 357 408 abrumpunt,'armisque
368 343 463 407 regiam
474 340 688 393 circumveniunt.

75 435 121 482 LI.
144 435 198 484 Nec
215 435 286 484 aliud
302 434 471 485 Rhadrmiato
492 433 633 485 subsidium
650 435 713 496 suit,
730 433 805 499 quam
823 436 960 500 pernicitas

44 510 189 572 equorum,
200 509 258 574 quis
275 526 350 574 seque
363 505 533 573 et'conjugem
546 509 659 558 abstulit.
673 507 722 557 Sed
734 509 825 572 conjux
839 508 942 572 gravida
953 545 961 567 ,

44 583 158 646 primam
174 594 312 648 utcumque
323 582 423 647 tagam,
436 582 469 630 ob
485 593 582 632 metum
595 581 714 630 hostilem
729 593 756 631 et
767 583 853 631 mariti
864 583 960 632 carita-

43 665 115 713 tem,
129 655 267 705 toleravit:
278 655 337 722 phst
350 655 511 706 festinatione
530 654 648 706 continui
660 692 666 714 ‚
682 655 726 704 ubi
738 656 807 720 quati
820 665 922 718 uterus,
934 666 962 703 et
973 675 978 680 ¹·

44 732 143 780 viscera
154 733 373 798 vibrantnrssotare
384 746 434 782 aut
444 745 527 782 morte
539 731 644 782 honestd
653 732 816 780 contumeliis
825 729 961 796 captivita-

44 803 78 850 tis
88 805 245 854 eximeretur
252 821 277 855 a.
288 796 338 854 tlte*
348 806 430 872 primis
440 806 560 872 amplecti
570 839 577 870 ,
589 805 719 870 adlevare,
730 804 869 866 adhortari,
883 802 960 853 madh

44 878 170 925 virtutem
183 877 327 934 admirans,
339 879 418 928 modd
428 881 518 929 timore
530 893 606 944 eger,
617 895 649 930 ne
659 880 715 944 quis
724 877 812 927 relicti
824 877 960 942 potiretur.
1007 932 1010 943 ,

43 948 197 1009 Postremd‚
212 950 333 999 violentiai
346 952 453 1014 amoris,
466 963 492 1002 et
504 950 644 1003 facinorum
657 969 709 1002 non
724 951 809 1010 rudis,
825 949 962 1013 destringit
1004 964 1006 974 ·

45 1024 197 1081 acinacem,
212 1025 420 1088 vulneratamque
434 1027 514 1091 ripam
528 1025 559 1074 ad
575 1026 664 1076 Araris
677 1023 768 1083 trahit,
787 1023 887 1091 llumini
904 1034 961 1070 tra-

46 1094 102 1158 dit,
112 1111 144 1145 ne
157 1111 249 1161 corpus
257 1099 334 1146 etiam
346 1095 504 1147 auferretur:
522 1100 574 1164 ipse
586 1115 696 1164 preceps
708 1098 796 1146 Iberos
807 1096 838 1144 ad
849 1094 961 1162 patrium
997 1148 1001 1159 ¹

43 1183 155 1233 regnum
163 1167 288 1234 pervadit.
309 1169 416 1217 Interim
426 1169 564 1217 Zenobiam
577 1170 621 1236 (id
633 1171 735 1219 mulieri
745 1169 851 1235 nomeu)
862 1167 961 1234 placid&

45 1241 137 1297 illuvie
148 1279 156 1301 ,
166 1242 304 1308 spirantem
316 1259 345 1291 ac
357 1243 413 1289 vitas
425 1240 586 1291 manifestam
596 1242 727 1291 advertere
740 1254 867 1308 pastores,
882 1255 907 1291 et
917 1241 959 1288 di-

43 1317 142 1380 gnitate
163 1316 250 1365 formae
270 1317 339 1366 baud
356 1317 507 1382 degenerem
526 1326 688 1381 reputantes,
712 1317 840 1380 obligant3
864 1315 959 1364 vulnus

46 1391 157 1454 agrestia
165 1389 338 1439 medicamina
346 1388 484 1455 adhibent3
493 1389 647 1453 cognitoque
655 1387 758 1443 nomine
767 1398 791 1435 et
801 1402 859 1436 casu
868 1423 874 1446 ‚
884 1388 909 1435 in
920 1404 961 1436 ur·

44 1462 105 1511 bem
124 1461 251 1512 Artaxata
262 1462 347 1511 ierunt
360 1479 365 1510 :
383 1461 451 1511 uude
461 1459 566 1529 publice
577 1460 636 1510 curl
648 1457 756 1510 deducta
773 1459 805 1508 ad
814 1459 960 1530 Tiridaten,

45 1536 205 1600 comiterque
214 1547 335 1605 excepta,
345 1533 416 1585 cultu
426 1536 494 1600 regio
504 1533 592 1591 habita
605 1545 654 1588 est.

74 1625 134 1680 Ltl.
146 1632 241 1680 Fausto
250 1628 332 1694 sulii,
343 1630 427 1680 Salvio
439 1629 542 1679 Othone
557 1626 621 1680 coss.
637 1625 729 1678 Furius
743 1627 920 1680 Scribonianus
932 1629 962 1689 in

45 1701 963 1771 exsilitsmagitut·,qttasiabnemprincipisperChaldaeosscrutar'eturut

46 1778 344 1830 adnectebatur'crimini
356 1780 444 1830 Junia
461 1788 549 1830 nsoter
559 1780 629 1850 ejus,
641 1789 671 1826 ut
684 1773 765 1830 cattle
774 1777 873 1842 prioris
885 1775 961 1843 (nam

47 1856 164 1918 relegata
176 1849 248 1915 erat)
263 1855 416 1922 impatiens·
434 1853 509 1902 Pater
522 1852 680 1914 Scriboniani
694 1849 820 1900 Camillus*
829 1868 899 1899 arma
916 1867 961 1916 per

44 1927 204 1978 Dalmatiam
222 1933 362 1975 moverat:
387 1920 462 1989 idque
487 1925 519 1974 ad
539 1923 701 1975 clementiam
725 1923 840 1974 trahebat
861 1925 937 1974 Caesar

17 2053 21 2062 ‚
44 2000 120 2068 quod
130 2001 237 2064 stirpem
253 1993 372 2048 hostilem
384 2000 478 2046 iterurri
493 2011 664 2050 cottservaret.
679 1999 768 2064 Neque
781 2011 866 2048 tamen
878 1997 960 2048 exsult

41 2076 119 2142 longa
133 2069 238 2139 posthac
247 2073 300 2121 vit's
309 2070 377 2120 luit:
391 2069 473 2119 morte
485 2067 589 2120 fortuita
600 2108 606 2130 ,
618 2088 702 2137 anper
710 2088 836 2120 venenum
848 2075 963 2122 castino-a

44 2161 86 2198 tus
105 2153 188 2206 esset,
206 2157 236 2194 ut
254 2147 359 2211 quisque
380 2144 504 2208 credidit,
525 2143 667 2209 vulgavere.
689 2143 752 2194 ttDe
774 2144 962 2195 mathematicis

44 2220 121 2270 ltalia
139 2218 286 2286 pellendis»
311 2209 406 2268 lactum
424 2218 689 2283 senatusconsultum,
710 2229 782 2268 atrox
804 2230 831 2268 et
848 2219 960 2271 irritatu.

44 2293 158 2346 Laudati
169 2289 261 2344 dehinc
274 2286 388 2344 oratione
399 2293 540 2361 principis,
559 2309 573 2340 tt
585 2292 628 2357 qui
636 2291 671 2339 ob
684 2291 812 2356 angustias
823 2289 961 2340 familiares

45 2364 139 2419 ordine
156 2371 284 2420 senatorio
297 2382 388 2436 sponte
406 2367 547 2417 cederent»
557 2403 565 2432 ,
577 2369 708 2429 motique,
726 2381 741 2412 tt
750 2367 794 2428 qui
805 2366 962 2416 remanendo

42 2444 234 2512 impudentiam
245 2440 363 2512 pauperti
377 2443 524 2505 adjicerent.
571 2451 573 2458 ·
725 2433 729 2442 ’

76 2539 149 2588 Llll.
168 2539 239 2588 inter
258 2537 438 2603 querelentur
460 2533 493 2583 ad
510 2522 613 2598 patret,
633 2527 685 2578 ede
699 2527 774 2596 poeni
790 2528 963 2590 feminarum,

45 2631 103 2678 quae
118 2616 198 2663 vervis
211 2613 446 2680 conjungerentur»
459 2628 465 2659 ε
487 2607 659 2670 statuiturque
675 2617 742 2670 aaut,
757 2607 846 2670 ignaro
857 2605 964 2658 domino

47 2691 80 2741 ad
92 2689 120 2738 id
128 2691 252 2756 prolapsae
262 2722 269 2750 ‚
278 2690 305 2736 in
316 2689 452 2751 servitutes
468 2684 508 2733 sin
520 2681 702 2744 consensisset,
714 2697 762 2746 pro
773 2681 871 2731 libertis
880 2681 960 2731 hahe-
1028 2713 1033 2720 ι

43 2777 168 2817 rentur».
185 2764 312 2824 Pallanti,
328 2779 403 2828 quem
417 2778 431 2810 tt
438 2769 593 2826 repertorem
605 2759 658 2820 ejus
674 2756 826 2806 relationis»
842 2754 962 2808 ediderat

46 2841 146 2901 Cesar,
167 2831 303 2903 «pistoria
316 2836 438 2900 insignia,
454 2845 480 2881 et
496 2831 592 2880 centies
609 2831 777 2904 quinquagies
793 2831 959 2879 sestertium»

44 2915 149 2962 censuit
165 2913 255 2962 consul
268 2911 430 2976 designatus,
446 2908 526 2958 Barea
539 2907 648 2956 Soranus
659 2903 801 2961 :redditum
815 2903 829 2952 a
843 2903 964 2970 Scipione

46 2987 183 3051 Cornelio,
196 2978 298 3051 «grates
309 2982 409 3051 publice
418 2980 529 3047 agendas
536 3015 544 3038 ,
560 2977 629 3042 quod
638 2977 740 3041 regibus
751 2976 862 3026 Arcadia
873 2989 944 3024 ortus
954 3013 963 3036 ,

42 3061 211 3109 veterrimam
230 3060 390 3108 nubilitatem
408 3055 467 3104 usui
480 3051 584 3120 publico
601 3061 784 3116 postponeret,
799 3064 876 3110 seque
893 3049 962 3096 inter

39 3135 175 3185 ministros
188 3133 311 3198 principis
322 3128 410 3181 baberi
419 3129 544 3177 sineret».
556 3120 870 3188 Asseveravit'claudiua,
881 3137 962 3172 seon.

41 3219 146 3256 tentum
155 3207 251 3255 honore
258 3205 410 3265 Pallantem,
418 3203 485 3260 intra
493 3196 608 3262 priorem
613 3191 966 3258 paupertatsmsubsistereua

41 3291 78 3340 Et
90 3287 171 3339 fixum
184 3297 224 3342 eat
234 3302 282 3352 aare
299 3282 404 3352 publico
420 3271 668 3367 senatusconsultum
677 3269 748 3333 ‚quo
761 3268 898 3394 lqlbeqtinns
907 3283 964 3316 sss.

656 3453 670 3493 Ι
