2100 3709
76 29 125 82 154
397 35 421 73 t.
437 36 530 75 court.
548 32 666 72 ricrrt

75 121 156 190 spatia
166 117 311 177 dimensus,
321 115 414 171 laetere
424 115 520 202 prirud,
535 114 593 165 dein
602 127 749 180 pavescere,
759 125 800 181 et,
811 116 1000 183 quantorum

73 195 235 260 trospiceret,
245 191 326 258 magis
334 207 365 240 ac
374 207 452 255 msgrs
464 187 579 256 trepidus
588 187 765 238 admirationis
773 201 799 238 et
808 189 902 254 metis,
911 203 1002 259 post-

73 267 147 319 rcmb
162 267 301 316 exclamat
320 264 488 326 «ambiguum
501 261 550 311 sibi
570 276 600 310 sc
617 259 696 327 propi
709 261 829 314 ultimum
848 264 998 320 discrimen

74 346 200 393 instare».
209 333 641 402 Tumcornplexuseum'l'iberius,
653 327 994 424 «presciumpericulorurn

74 427 101 466 et
111 415 264 464 incolumem
275 411 350 460 iores
364 419 492 493 gratatur,
502 425 605 474 qunque
618 407 732 470 dixerut,
743 412 877 461 oraculi
853 429 909 463 ures
919 415 996 508 seci-

73 492 161 557 piens,
176 489 242 538 inter
254 487 359 538 intimos
370 484 512 534 amicorum
523 495 611 532 tenet

106 573 192 624 XXII.
207 570 257 621 Sed
267 569 330 623 mihi
341 567 393 618 bac
403 583 432 617 ac
441 567 501 616 talia
510 565 659 627 audienti
652 584 679 617 ιιι
689 567 786 621 incerto
798 568 922 633 judicium
932 583 993 639 est,

73 644 159 695 fatone
175 660 216 695 res
229 643 393 699 mortalium,
411 653 437 690 et
453 642 603 690 necestitate
622 634 785 703 immutabili,
800 659 832 692 an
845 641 912 694 forti
927 645 994 694 rol-

73 732 183 770 vantur:
203 717 297 783 quippe
316 715 515 785 sapientissimos
529 724 658 774 veterum,
679 717 772 781 quique
789 727 886 768 tectam
897 731 993 768 cotum

73 798 231 852 emulantur,
240 788 354 842 diversos
360 792 481 856 reperies,
489 807 519 839 ac
527 791 615 840 multit
625 793 726 842 insitam
739 794 902 860 opinionem,
913 811 996 844 cnon

74 873 146 921 initia
160 867 256 926 nostrl,
269 883 321 918 non
334 860 426 927 linem,
437 881 490 914 non
502 865 612 929 denique
625 865 741 915 homines
758 867 807 918 diis
821 881 886 916 curn
899 885 906 917 :
926 867 991 934 ideo

73 943 225 992 creberrima
236 941 317 988 tristia
328 940 354 986 in
365 938 464 994 bonos,
477 949 502 986 et
512 939 569 986 laets
580 935 649 1004 apud
661 939 799 1011 deteriores
810 957 864 989 esse
871 957 897 990 u.
914 941 993 989 Con-

74 1014 113 1066 tri
126 1015 185 1076 alii,
200 1012 302 1063 clatum
313 1011 417 1078 quidem
429 1027 570 1077 congruere
583 1013 679 1063 rebuso
698 1025 801 1082 putant,
818 1014 888 1064 used
901 1029 955 1063 non
975 1014 992 1063 ὲ

73 1091 142 1154 vagis
152 1087 244 1146 stellis,
257 1084 348 1135 verbm
358 1085 427 1152 apud
438 1085 576 1153 principia,
589 1096 616 1136 et
629 1103 708 1138 nesus
720 1089 873 1140 naturalium
891 1102 989 1136 causa-

71 1177 129 1210 rum
144 1182 149 1210 :
164 1177 193 1210 ac
208 1171 294 1209 tamen
307 1161 458 1210 electionem
470 1159 638 1210 vitnunobis
649 1161 811 1227 relinquunt;
823 1163 991 1226 squaru-ubi

72 1236 190 1302 elegeris,
202 1247 301 1285 eertum
313 1235 503 1286 imminentium
516 1233 655 1284 ordinem.
670 1250 751 1302 neque
765 1237 831 1285 mala
845 1237 886 1286 vel
899 1237 987 1305 bona,

72 1327 126 1375 qun
136 1312 224 1377 uulgus
229 1320 321 1377 putet
331 1311 631 1378 multosanconllrctsrt
639 1311 750 1361 adversis
760 1311 909 1370 videantur
919 1313 989 1362 bea-

70 1388 129 1440 tos,
144 1394 172 1426 ac
186 1379 335 1452 plerosque,
347 1395 491 1444 quanquam
503 1395 606 1444 magnas
622 1395 668 1446 per
680 1394 758 1446 epea,
771 1377 951 1429 miserrimos:
965 1379 989 1428 si

69 1451 108 1499 ilii
117 1468 219 1518 gravem
229 1451 357 1503 fortunam
367 1466 513 1504 constanter
524 1454 645 1512 tolerent,
659 1453 687 1502 bi
701 1452 820 1520 prosperi
836 1452 985 1504 inconsulte

69 1529 985 1597 utanturu.Ostoriumplurimisrnortsliumnoneximitur,quinctprimo

69 1602 190 1668 cuiusque
208 1615 266 1652 ortu
283 1616 395 1654 ventura
408 1604 566 1652 destinentur
582 1618 588 1646 r
608 1601 652 1647 sed
663 1601 781 1664 quaedum
796 1620 884 1666 meus,
902 1603 983 1668 quiam

69 1674 137 1724 dictu
147 1677 211 1732 sint,
221 1677 326 1730 cadere,
338 1674 442 1723 fallaciis
450 1674 536 1736 ignara
546 1671 687 1721 dicentium
697 1689 703 1720 t
718 1675 752 1724 ita
762 1679 893 1742 corrumpi
903 1677 984 1730 tidem

68 1747 130 1795 artis
140 1781 147 1801 ,
157 1745 231 1811 cujus
239 1749 305 1796 clara
318 1745 486 1803 documenta,
499 1753 524 1791 et
537 1743 641 1807 antiqua
653 1756 710 1794 oetas
725 1757 750 1792 et
761 1758 848 1795 nostra
861 1751 984 1800 tulerit».

68 1818 195 1884 Quippeb
206 1819 258 1867 lilio
270 1817 384 1882 ejusdem
393 1815 521 1880 Thrasylli
531 1813 679 1878 pradictum
690 1816 800 1866 Neronis
810 1819 947 1885 imperium
951 1825 985 1876 in

67 1903 182 1960 tempore
192 1891 389 1946 memorabitur,
401 1904 433 1935 ne
445 1902 513 1936 nunc
525 1889 628 1953 incepto
637 1888 739 1956 iungitis
749 1888 880 1942 abierim.

99 1966 203 2016 XXIII.
216 1963 310 2012 lisdem
322 1962 486 2021 muralibus,
500 1961 582 2012 Asinii
595 1961 663 2014 Galli
672 1981 742 2016 mors
752 1966 916 2039 vulgatur,
899 1983 982 2033 quem

68 2051 177 2104 eroetate
187 2037 237 2084 cibi
248 2039 407 2100 peremptum
419 2032 487 2082 baud
497 2034 621 2085 dubium·
616 2050 743 2104 ,sponte,
758 2041 799 2088 vel
814 2041 985 2103 necessitate,

67 2115 193 2164 incertum
210 2110 359 2160 habebatur.
382 2110 569 2179 consultusque
586 2115 668 2165 easar
685 2133 723 2166 art
738 2115 848 2186 sepeliri
864 2119 982 2178 sineret,

66 2196 118 2236 tion
127 2186 228 2236 erubuit
239 2184 404 2251 permittere,
409 2185 548 2253 ultrdbue
542 2205 655 2239 incusare
667 2205 772 2245 «casus,
786 2191 829 2255 qui
837 2207 908 2238 reum
919 2191 982 2240 obs-

66 2261 198 2334 tulissent,
215 2259 446 2324 antequamcoram
457 2263 685 2312 convinceretur».
697 2263 980 2314 seilicetmediotrien·

65 2335 111 2382 nio
120 2331 235 2384 defuerat
250 2346 351 2402 tempus
366 2335 492 2386 subeundi
505 2335 628 2396 iudicium
638 2337 765 2388 consulari
776 2340 845 2400 seni,
861 2349 900 2388 tot
910 2355 980 2389 con·
1043 2379 1044 2390 ,

65 2412 980 2480 ιιίιιιιιιιριιιιιιὶ.ὓιιιιιιιάοὶιιάοιιιιίιιςιιὶιιιι,ιιιιιιιιιιιιιιίιιιιιιιιίι
1043 2465 1044 2468 ,

65 2490 208 2552 alimentis,
219 2491 385 2551 mandendol
396 2493 475 2542 cubili
483 2504 612 2552 tomento,
625 2507 720 2540 nonum
729 2491 762 2540 ad
771 2493 837 2541 diem
850 2489 977 2539 detinuis—
1042 2489 1044 2554 l

66 2578 113 2613 set.
128 2565 265 2615 Tradrdlre
277 2567 397 2630 quisdam
410 2566 585 2630 prescriptum
596 2563 672 2612 luisse
686 2561 816 2621 Macroni,
829 2579 929 2613 srarma
940 2561 975 2610 ab
1043 2567 1044 2612 l

65 2636 154 2698 Seiano
164 2649 331 2700 tentarentur,
351 2649 492 2687 extractum
502 2635 632 2684 custodirl'
628 2637 763 2704 juvenem(
754 2637 825 2704 (nam
837 2637 864 2684 iu
877 2637 975 2702 palatio

66 2709 334 2776 attinebaturlducem
346 2710 460 2793 populo'
455 2725 603 2774 imponere:
617 2727 678 2758 mor
685 2711 976 2776 ‚quiarumorincetle-
1043 2729 1044 2752 ι

65 2783 125 2839 bat,
137 2781 223 2850 «fore,
238 2793 267 2830 ut
282 2783 357 2832 nurui
370 2797 399 2829 ac
414 2785 501 2848 nepoti
515 2783 694 2833 conciliaretur
711 2785 822 2846 Cesar»,
837 2781 958 2832 savinam
967 2819 977 2850 ,

20 2845 24 2850 Δ
66 2846 326 2922 qubmpoenitentiam
339 2854 438 2904 moluit.
681 2869 684 2883 ’
1043 2887 1044 2950 ι

96 2927 193 2978 XXIV.
204 2929 274 2990 Quin
283 2939 309 2976 et
318 2930 470 2977 invectusrn
480 2929 643 2991 defunctum,
658 2929 906 2997 «probrscorporis‚
917 2930 976 2978 cri
1043 2951 1044 2996 ι

65 3001 297 3072 tiabilerninsuos,
310 2968 848 3091 iulensumreipublicaetniinurnuobjecit:
861 3006 973 3054 «recits-
1043 2997 1044 3008 ³

63 3095 134 3142 rique
144 3076 270 3127 laetorum
285 3078 494 3145 dictorumque
474 3097 527 3145 elus
538 3081 662 3148 descripta
673 3099 717 3149 per
729 3081 825 3130 dies»
818 3091 908 3146 Jussrt
922 3095 971 3142 quo
1039 3081 1044 3144 ,³

64 3169 115 3202 non
130 3151 200 3200 aliud
212 3153 322 3205 atrocius
333 3155 430 3204 risum.
444 3154 571 3205 adstitisse
583 3167 623 3205 tot
634 3173 677 3223 per
691 3173 785 3217 annos,
802 3156 845 3220 qui
857 3154 970 3210 vultum,

63 3227 188 3291 gemitus,
200 3229 328 3278 occultum
339 3231 416 3279 etiam
426 3246 543 3280 murmur
557 3232 718 3299 exciperent,
731 3243 756 3278 et
769 3230 881 3296 potuisse
895 3243 970 3276 avum
1043 3253 1044 3284 ι

65 3300 166 3364 audire,
182 3301 282 3371 legere,
295 3304 322 3355 iu
333 3305 465 3374 publicum
476 3323 593 3374 promere
600 3345 606 3374 ,
620 3307 662 3358 ris
673 3306 735 3358 fides
743 3326 755 3374 5,
763 3305 811 3356 uisi
825 3301 893 3370 qubsl
906 3303 970 3354 Attii
1043 3303 1044 3372 l
