2100 3709
244 78 251 84 '
316 69 716 112 rtrsrottrtrtusttrs.111.

44 156 176 207 sustulere
187 156 300 215 animos,
313 168 417 205 auctore
428 158 540 216 Venutio
553 175 559 206 ε
570 159 613 221 qui
628 174 702 222 super
715 154 817 204 insitam
831 148 881 217 505

47 242 77 280 et
92 229 201 284 Romani
212 233 322 281 nominis
336 230 438 289 odium,
455 232 564 298 propriis
579 233 605 278 in
619 229 881 304 Cartismauduausm‚

24 337 32 342 -
48 308 167 356 stimulis
188 307 380 358 accendebatur.
396 307 587 357 Cartismandua
600 305 765 372 Brigantibus
781 306 884 370 impcttn

49 381 157 445 pollens
170 381 303 431 nobilitate
318 401 323 430 :
341 392 366 430 et
383 393 487 430 auxerat
504 381 658 446 potentiam,
675 390 809 446 postquam
825 387 884 443 capt
960 429 964 438 ¹

49 452 144 500 dolum
163 470 220 520 rege
237 457 389 522 Garamam,
407 456 553 512 instruxisse
569 452 726 519 triumphum
745 451 841 500 Claudii
860 453 906 499 ue.

45 525 197 576 videbatur.
209 528 271 577 Inde
284 545 362 594 opes,
379 540 406 577 et
417 545 504 577 rerum
515 526 683 578 secundarum
698 526 773 574 lusus
785 545 790 573 :
804 535 889 590 spreto
905 523 923 574 l

46 602 129 647 nusio
142 599 177 666 (is
192 599 241 650 fnit
255 601 376 668 maritus)
394 603 546 666 armigerum
560 600 628 663 eius,
641 599 813 658 Vellocatum,
831 598 859 645 in
871 609 946 646 matrt

44 674 168 722 monium
178 691 333 740 regnumque
343 677 451 742 aceepit.
462 678 589 724 Concessa
598 674 683 723 statim
692 671 788 737 flagitio
800 670 898 719 domus.
909 669 960 718 Pro

49 748 148 796 marito
168 747 250 798 studia
262 748 372 798 civitatis
381 768 387 815 ς
397 767 448 816 pro
460 749 577 797 adultero
594 746 675 796 libido
691 739 780 810 reginae
789 743 801 806 ,'
816 754 842 792 et
856 743 959 794 saevitia.

46 820 136 884 Igitur
147 821 289 881 Venusius,
304 823 389 870 accitis
404 823 519 879 auxiliis,
534 823 608 869 simul
624 819 735 886 ipsorum
749 819 897 883 Brigantum
916 815 961 864 tle·
1005 835 1008 843 ¹

46 892 177 951 sectione,
191 895 217 942 in
229 907 371 943 extremum
383 895 517 944 discrimen
531 893 748 944 Cartismanduam
766 891 880 940 adduxit.
892 889 960 938 Tum

49 967 135 1032 petita
144 965 158 1014 ia
168 969 289 1017 Romanis
299 969 429 1036 praesidia:
440 981 464 1018 et
473 968 590 1017 cobortes
601 969 694 1031 alteque
703 980 803 1025 nostre,
811 964 886 1013 variis
894 977 960 1028 prse-

49 1039 112 1099 liis,
124 1042 239 1090 exemere
249 1053 333 1091 tamen
346 1044 458 1108 periculo
470 1044 599 1106 reginam:
613 1058 719 1108 regnum
731 1041 852 1098 Venusio,
862 1037 960 1086 bellum

47 1115 129 1164 nobis
140 1117 264 1165 relictum.

84 1189 170 1239 XLVI
174 1190 301 1240 ..Turbata
311 1205 356 1255 per
365 1188 468 1237 eosdem
477 1188 531 1237 dies
542 1189 689 1248 Germania,
696 1201 722 1237 et
731 1189 844 1240 soeordid
855 1189 958 1243 ducum,

48 1273 78 1310 et
89 1263 213 1312 reditione
223 1265 361 1328 legionum.
374 1263 485 1310 Externa
494 1263 535 1318 vi,
546 1262 650 1326 perfidia
660 1263 759 1319 sociali,
772 1265 850 1328 prope
860 1263 960 1310 adflicta

48 1340 239 1400 Romana,res.
249 1339 280 1386 ld
289 1338 451 1388 bellumcum
466 1338 549 1385 causis
561 1349 586 1385 et
599 1338 730 1386 eventibus
746 1337 850 1402 (etenim
863 1331 961 1400 longiits

49 1422 205 1478 proveetum
213 1413 264 1478 est)
273 1427 335 1461 mox
342 1412 550 1460 memorabimus.
563 1412 631 1459 Mota
641 1423 665 1458 et
674 1409 800 1462 Dacorum
809 1425 882 1474 gens,
893 1427 961 1458 nrm-

51 1500 132 1548 quam
141 1484 206 1546 fida,
216 1496 277 1533 tuno
286 1485 339 1534 aine
350 1497 434 1547 metu,
446 1485 577 1534 abducto&
586 1483 673 1532 Moesia
686 1484 807 1532 exercitu.
817 1483 866 1530 Sed
876 1483 958 1548 prima
1014 1506 1017 1514 ·

49 1575 139 1607 rerum
148 1561 226 1624 quieti
236 1561 430 1625 speculabantur
442 1578 447 1606 z
459 1560 502 1608 ubi
513 1559 618 1624 flagrare
627 1558 727 1608 Italiam
737 1557 814 1617 bello,
826 1567 918 1605 cuncta
928 1557 963 1603 in·

50 1632 137 1678 ricem
156 1630 271 1690 bestilia,
287 1632 421 1696 aecepere3
436 1631 586 1699 expugnatis
601 1631 744 1680 cohortium
761 1622 906 1693 alarumque
923 1626 965 1676 bi-

50 1704 156 1763 bernis,
170 1706 274 1769 utrlque
286 1704 397 1755 Danubii
411 1704 467 1770 ripd
479 1705 651 1770 potiebantur.
669 1705 774 1767 Jamque
786 1712 867 1751 castra
883 1702 965 1766 legio-

52 1793 117 1824 num
131 1777 277 1826 exscindere
291 1779 427 1844 parabant‚
440 1780 466 1827 ni
479 1777 615 1827 Mucianus
634 1789 728 1826 sestam
744 1777 868 1842 legionem
880 1790 964 1840 oppo-

52 1852 165 1908 suisset,
188 1852 365 1905 Cremonensis
388 1853 501 1902 rictoriae
524 1855 634 1916 gnarus,
657 1866 685 1899 ac
707 1867 738 1898 ue
761 1861 864 1898 esterna
886 1849 965 1895 moles

54 1924 187 1987 utrimque
202 1926 349 1990 ingrueret,
364 1929 387 1975 si
398 1926 482 1975 Dacus
495 1924 687 1988 Germanusque
705 1923 797 1974 diversi
808 1923 966 1987 irrupissent.

54 1995 146 2047 Adfuit
156 2033 162 2056 ,
174 2011 202 2046 nt
213 2014 275 2064 sepe
287 1999 349 2048 aliis
360 2035 367 2057 ,
387 2001 489 2047 fortuna
501 1999 591 2063 populi
606 2000 732 2058 Rotnani,
750 2013 803 2061 quae
817 1996 966 2045 Mucianum

59 2073 177 2135 viresque
195 2073 298 2121 orientis
316 2072 377 2120 illue
390 2071 464 2132 tulit,
478 2081 503 2117 et
518 2069 589 2133 qudd
605 2073 734 2118 Cremonae
750 2071 851 2118 interim
868 2081 968 2117 transe-

4 2147 9 2151 ’
59 2146 156 2210 gimns.
173 2147 293 2193 Fonteius
304 2145 416 2210 Agrippa
429 2159 459 2191 ex
475 2141 536 2191 Aaial
554 2141 720 2206 (proconsule
735 2158 790 2189 cam
809 2142 966 2206 provinciam

59 2235 146 2266 annuo
160 2220 268 2286 imperio
281 2220 410 2284 tenuerat)
422 2218 516 2268 Moesiae
530 2217 678 2282 praepositus
689 2226 728 2266 est
743 2233 748 2265 :
761 2214 854 2263 additis
866 2214 967 2279 copiis&

57 2291 199 2341 Vitelliano
209 2293 335 2348 exercitu,
347 2308 423 2356 quem
435 2292 518 2357 spargi
529 2306 573 2355 per
582 2290 738 2356 provincias,
750 2299 776 2338 et
786 2299 890 2350 externe
899 2286 967 2336 bello

57 2365 165 2429 illigari,
177 2383 235 2432 pars
246 2367 348 2415 consilii
359 2367 478 2432 pacisque
489 2377 552 2414 erat.

90 2439 195 2491 XLVII.
209 2439 265 2496 blec
276 2450 363 2488 ceterae
373 2441 490 2488 nationes
500 2438 617 2486 silebant.
630 2436 718 2484 Subita
725 2452 770 2500 per
782 2435 893 2484 Pontum
901 2453 969 2484 artua

58 2514 198 2563 barbarum
207 2515 372 2581 mancipium,
382 2513 456 2578 regiae
464 2512 593 2577 quondam
601 2512 685 2560 classis
694 2510 833 2576 prefectus,
840 2511 968 2558 mouerat:

61 2591 86 2636 is
99 2588 148 2636 luit
160 2587 299 2652 Anicetus,
311 2589 457 2637 Polemonis
468 2589 588 2645 libertus,
598 2597 740 2652 praepotens
752 2585 830 2649 olim3
844 2594 881 2643 et,
894 2594 969 2650 post-

14 2721 22 2728 ,
60 2678 138 2727 quam
151 2678 257 2727 regnum
271 2664 297 2711 in
309 2663 417 2713 sormam
433 2663 571 2728 provinciae
588 2672 697 2710 verterat
708 2696 715 2718 ,
728 2659 875 2708 mutationis
886 2660 969 2724 impa-

60 2739 137 2784 tiens.
148 2734 227 2801 Igitur
238 2737 339 2787 Vitellii
349 2739 453 2786 nomine
463 2775 471 2800 ,
483 2736 586 2785 adscitis
598 2737 715 2800 gentihus
726 2772 733 2792 ‚
743 2751 796 2799 quse
809 2731 916 2781 Pontum
926 2753 970 2784 ac-
1011 2726 1013 2730 ’

60 2810 167 2866 colunt,
178 2822 298 2875 corrupto
311 2814 336 2860 in
350 2828 422 2878 apem
434 2813 578 2877 rapinarum
592 2809 753 2874 egentissimo
770 2823 885 2871 ipsoque,
903 2807 971 2856 haud

45 2883 203 2932 *temnendae
213 2884 301 2934 manda
311 2885 411 2948 ductor,
421 2887 619 2951 Trapezuntem,
629 2894 754 2932 vetustam
762 2881 825 2930 Asiae
834 2882 970 2942 civitatem,

62 2959 78 3006 la
90 2957 181 3006 Grecis
189 2960 214 3006 in
226 2967 339 3009 extremo
348 2961 458 3011 Pontica
468 2977 519 3008 orae
528 2958 671 3020 conditam,
683 2956 781 3010 subitus
793 2957 891 3020 irrupit.
905 2957 973 3004 Casa

62 3033 101 3082 ibi
112 3029 218 3092 cohors,
230 3035 328 3098 regium
337 3037 459 3088 auxilium
472 3035 548 3093 olim,
559 3049 619 3099 moa
629 3031 716 3080 donati
725 3031 830 3080 civitate
840 3029 954 3076 Romana
966 3062 975 3086 ,

62 3105 134 3169 signa
146 3121 263 3169 armaque
275 3108 301 3155 in
310 3121 425 3157 nostrum
436 3107 542 3156 modum
554 3143 560 3163 ,
572 3103 695 3154 desidiam
705 3103 884 3162 licentiamque
896 3101 984 3154 Geren
996 3109 1000 3122 ¹

64 3195 155 3227 corum
171 3180 324 3229 retinebant.
338 3182 417 3229 Classi
431 3194 531 3244 quoque
545 3179 609 3227 laces
628 3177 730 3238 intulit,
743 3191 822 3222 vacuo
841 3174 902 3220 inari
915 3175 972 3221 elu·
1019 3191 1023 3194 ·

62 3253 127 3300 dens
137 3288 144 3309 ,
156 3255 216 3314 quia
232 3255 381 3303 lectissimas
396 3255 603 3312 Liburnicarum,
622 3265 774 3313 omnemque
788 3247 895 3296 militem
913 3247 973 3295 Mu·
994 3251 1003 3266 ’“

65 3329 152 3380 cianus
163 3327 312 3394 Byzantium
325 3329 451 3396 adegerat.
469 3325 539 3389 Quin
555 3337 580 3376 et
594 3324 696 3376 barbari
713 3321 878 3440 ⁰⁰³³‘;.¹³¹gllm
897 3335 972 3384 raga-

783 3412 795 3439 b
