2100 3709
104 66 140 119 st
363 84 365 93 ·
420 82 443 121 e.
464 82 692 120 conmutaret

98 167 154 220 ‚sed
169 160 360 215 Mumlanorum
375 162 427 212 dux
438 164 528 213 baberi
542 182 549 213 a
564 165 646 215 valida
660 182 689 215 ea
703 176 781 231 gens,
795 177 822 215 es
839 165 1036 218 solitudinibus

104 240 195 301 Alricae
212 238 369 302 propinqua,
386 237 458 285 nullo
473 238 550 286 etiam
565 250 619 286 tum
633 239 738 286 urbium
751 238 840 301 cultu,
853 241 924 307 cepit
937 258 1034 305 arma,

96 311 260 387 ,Maurosque
273 308 369 357 accolas
385 309 411 355 iu
429 308 527 357 hbllum
540 312 635 359 traxit:
646 309 699 377 dux
712 321 737 357 et
749 307 790 357 his
800 310 937 378 Mazippa:
956 314 1035 362 diri-

108 398 198 447 susque
212 385 352 443 exercitus,
364 393 393 429 ut
401 381 636 433 Tacfarirraslectos
645 384 723 440 viros,
737 384 916 435 etllemanum
927 386 959 436 in
972 404 1035 436 mo·

108 456 169 506 dum
185 468 295 503 armatos
307 454 394 505 castris
410 456 530 504 attineret
543 494 549 512 ,
564 456 697 522 discipline
711 468 736 505 et
754 458 867 521 imperiis
877 472 1034 509 suesceret:

107 528 226 593 Mazippa
238 529 287 575 levi
300 544 359 575 cum
371 528 444 592 copia
457 527 584 588 incendio,
600 542 625 577 et
637 528 729 586 cades,
743 540 768 576 et
779 540 904 579 terrorem
913 535 1036 581 circum-

105 603 185 652 ferret
198 603 441 667 :compulerantque
455 602 581 652 Cinithios
597 602 665 653 haud
677 602 845 669 spernendam
854 607 994 654 nationem
1008 608 1034 655 in

110 674 220 737 eademq
237 692 316 739 quum
329 674 421 723 Furius
438 675 563 745 Camillus
578 676 714 742 proconsul
731 673 836 732 Africa,
854 678 990 742 legionem
1006 693 1045 730 et,

108 746 179 815 quud
191 751 237 799 sub
251 752 327 815 signis
340 752 467 798 sociorum
474 786 482 808 ,
496 752 521 798 in
531 768 611 799 unum
623 749 764 814 conductos
776 748 809 797 ad
818 750 918 800 hostem
929 752 1013 803 duxit
1024 779 1031 808 2

109 822 238 877 modicam
245 842 365 881 manum,
377 825 397 871 si
407 823 600 872 multitudinem
608 822 778 873 Numidarum
792 836 867 888 atque
874 826 1034 877 Matusarum

113 908 257 961 spectares:
269 896 390 945 sed'nihii
402 895 469 961 aque
482 897 630 955 cavebatur,
644 894 719 960 quim
732 913 764 944 ne
775 897 874 945 bellum
884 910 957 947 metu
971 900 1034 948 elu-

113 968 205 1015 derent
219 988 224 1017 :
240 987 283 1035 spe
299 968 411 1018 rictoriae
429 966 528 1016 inducti
543 981 620 1027 sunt,
634 980 664 1017 ut
677 970 850 1031 vincerentur,
863 970 945 1035 Igitur
959 972 1033 1035 legio

109 1040 213 1104 medio,
234 1044 300 1093 leves
316 1044 448 1103 cohortes,
466 1040 570 1107 duaeque
587 1044 631 1091 ale
646 1044 672 1091 in
687 1043 808 1092 cornibus
823 1044 965 1094 locantur:
985 1062 1034 1094 nec

111 1107 257 1166 'saclarinas
276 1134 386 1185 pugnam
402 1114 554 1164 detrectavit
569 1132 575 1165 s
592 1114 642 1165 lusi
658 1116 788 1175 Numida,
803 1117 949 1182 multosque
970 1128 1033 1186 post

110 1206 190 1237 anuos
200 1194 245 1239 Fur
252 1193 276 1239 io
286 1202 387 1257 partum
398 1188 473 1238 decus
484 1190 593 1251 militias,
606 1208 664 1239 nam
674 1204 732 1258 post
742 1192 815 1240 illum
826 1191 1031 1259 reciperatorem

108 1250 196 1324 urbis,
212 1262 342 1329 filiumque
353 1264 406 1329 eius
418 1262 571 1318 Gentilium,
583 1280 661 1330 penes
671 1266 731 1315 alias
741 1259 851 1313 familias
862 1266 1031 1331 imperatoria

90 1321 95 1339 ¹
109 1338 166 1390 laus
182 1337 272 1389 luerat.
284 1338 368 1402 Atque
379 1336 433 1400 hic,
449 1354 525 1402 quem
539 1352 724 1394 memoramus,
737 1338 862 1397 bellorum
874 1340 1031 1403 expersha·
1044 1359 1046 1363 ⁸

112 1406 222 1463 bebatur
235 1434 240 1461 :
252 1412 281 1463 eb
292 1412 397 1479 pronior
406 1410 524 1460 Tiberius
534 1424 574 1461 res
581 1426 663 1477 gestas
671 1410 860 1479 apudseuatum
870 1412 1029 1464 celebravit:

109 1499 137 1539 ct
150 1487 288 1537 deerevere
300 1498 387 1553 patres
402 1484 566 1551 triumphalia
577 1487 684 1551 iusignia
699 1504 705 1533 :
721 1485 791 1550 quod
802 1484 908 1535 Camillo
920 1486 954 1534 ob
966 1503 1031 1537 mo·

109 1562 225 1613 uestium
238 1564 293 1610 ritae
306 1558 408 1622 impune
418 1556 474 1601 fuit.
1044 1613 1045 1616 Ἰ

141 1636 211 1684 Llll.
223 1637 333 1693 Sequens
340 1624 562 1673 annusTiberium
572 1624 662 1682 tertiis,
672 1624 852 1680 Germanicum
861 1633 955 1684 iterum
962 1651 1031 1685 cen.

98 1710 179 1762 ,eules
193 1701 283 1754 habuit
296 1716 303 1748 z
316 1698 363 1749 sed
376 1710 434 1746 curu
452 1692 759 1760 iruaercmpGermauicus
774 1702 833 1748 iuiit
847 1704 916 1769 apud
935 1711 1030 1761 urbem
1044 1711 1045 1714 ’

99 1776 213 1835 'Achaiae
225 1776 386 1841 Nicopolim,
402 1768 453 1835 qud
465 1782 567 1819 seueras
580 1788 625 1836 per
638 1771 768 1839 lllyricam
782 1790 869 1836 oram,
879 1779 938 1829 riso
949 1775 1029 1835 fraere

109 1858 194 1907 Druso
207 1852 233 1899 in
248 1845 372 1897 Dalmatii
388 1854 477 1909 agente
484 1880 493 1903 ,
511 1841 664 1901 Hadriatici,
681 1861 710 1893 ac
726 1862 787 1896 mox
800 1846 868 1900 lonii
883 1858 965 1906 maris
979 1860 1029 1907 ad-
1044 1861 1045 1914 J

112 1943 212 1977 uersam
229 1920 417 1989 navigationem
433 1932 566 1985 perpessus
585 1933 591 1964 :
609 1915 685 1983 igitur
701 1936 795 1985 paucos
813 1921 867 1974 dies
885 1927 1032 1999 insumpsit

109 1996 249 2067 reficiendae
268 1996 341 2047 classi
357 2013 363 2043 :
381 1993 457 2043 simul
468 1993 543 2047 sinus
554 1992 657 2044 Acthei
672 1995 777 2046 victorii
793 1999 920 2066 inclytos,
937 2014 964 2053 ee
985 2025 1045 2072 ⁸³⁸}

109 2066 190 2124 tratas
205 2072 236 2125 ab
254 2072 371 2137 Augusto
388 2068 534 2127 manubias,
552 2080 683 2135 castraque
698 2070 807 2122 Antonii
823 2089 883 2124 cum
899 2077 1045 2129 recorda-l

109 2150 182 2199 tiuue
197 2147 321 2213 majorum
334 2160 438 2195 suorum
451 2143 513 2205 adiit
529 2162 535 2191 t
552 2161 661 2211 namque
675 2145 714 2208 ei,
729 2158 760 2195 ut
770 2149 925 2207 memoravi,
938 2169 1029 2202 erun·
1044 2167 1045 2170 ’

104 2210 755 2287 'cutmangustamurantoniusersns,magnaque
763 2220 816 2268 illic
822 2221 904 2290 imago
911 2225 1027 2274 tristium

93 2294 289 2363 ¹⁴daturumque.
302 2293 369 2343 Hinc
383 2302 489 2341 ventum
498 2286 626 2350 Athenas,
639 2288 781 2356 soederique
793 2295 865 2342 sociae
877 2308 902 2345 et
916 2292 1029 2348 uetustae
1044 2307 1045 2310 ’

108 2368 179 2416 urbis
187 2366 285 2426 datum,
294 2378 322 2420 ut
330 2383 381 2415 uno
390 2360 479 2417 lictore
488 2374 610 2411 uteretur.
616 2363 743 2428 Excepere
752 2366 833 2415 Graeci
839 2369 1028 2431 quaesitissimis
1037 2425 1045 2439 ‚=

99 2442 263 2511 ‚honeribuu
273 2454 356 2493 vetera
365 2456 470 2491 suorum
479 2438 545 2491 sacta
552 2436 667 2503 dictaque
677 2438 845 2506 preferentes,
855 2440 906 2507 qud
913 2442 972 2507 plus
982 2443 1026 2495 di·

95 2518 238 2583 „quietionis
248 2518 360 2568 adulatio
369 2516 481 2567 haberet.
890 2557 893 2580 l

140 2577 307 2647 lslvsPetiti
318 2590 376 2637 inde
385 2588 491 2645 Euboe-l,
505 2586 615 2633 tramisit
624 2583 751 2647 Lesbum,
763 2587 808 2636 ubi
817 2587 961 2659 Agrippina
971 2608 1025 2641 tro-

92 2653 102 2718 ‡
111 2660 218 2709 sissimo
235 2673 309 2724 partu
321 2661 413 2708 sutiam
422 2656 508 2707 'edidit
521 2669 595 2706 :tum
607 2671 721 2713 extrema
729 2658 807 2725 Asia,
820 2662 1024 2730 Perinthumque

107 2747 138 2778 ac
154 2732 306 2799 Byzantium
318 2728 440 2781 Thracias
450 2730 541 2794 urbes,
556 2746 616 2779 mox
627 2729 792 2797 Propontidis
801 2734 945 2799 augustias,
957 2749 984 2786 et
994 2752 1024 2787 os
1044 2763 1045 2766 ¹

104 2806 246 2875 l’onticum
262 2806 340 2855 intrat
354 2802 472 2872 cupidine
483 2815 581 2853 veteres
591 2804 676 2869 locos,
692 2805 795 2855 etiami
808 2807 948 2857 celebratos
959 2826 1024 2860 nos·
1044 2829 1045 2832 ¹

96 2878 183 2933 ,crudi
195 2896 204 2942 y:
217 2880 360 2945 pariterque
376 2872 518 2945 provincias
533 2877 639 2927 internis
654 2881 848 2938 certaminibus,
865 2894 909 2930 aut
924 2885 1023 2951 magis-

97 2944 222 3001 ¹statuum
233 2952 332 3017 injuriis
338 2952 564 3001 fessasresovebat:
575 2960 650 3017 atque
660 2954 764 3003 illumin
773 2968 887 3020 regressu
893 2972 963 3004 sacra
972 2957 1022 3005 Sa-

106 3026 269 3095 mothracum
279 3028 360 3078 risere
369 3027 502 3089 nitentem,
509 3026 578 3076 obvii
589 3028 720 3090 aquilones
729 3028 858 3095 depulere.
866 3029 947 3093 Igitur
957 3030 1018 3092 Ilio,
1044 3087 1045 3094 ἵ

5 3090 6 3095 ’
35 3136 39 3142 .
106 3097 1020 3168 quaequeihivarietatelortuna'e,etnostrlorigineveneranda,'relegit
1044 3137 1045 3144 ι

103 3172 211 3237 daiam,
222 3176 377 3244 adpellitque
391 3176 552 3243 Colophona,
565 3187 593 3225 ut
603 3176 682 3224 Clarii
693 3177 838 3243 Appollinis
849 3176 952 3224 oraculo
961 3188 1019 3225 ute·

107 3258 189 3298 retur.
198 3252 257 3300 Nun
267 3252 360 3301 semina
373 3252 440 3315 illic,
449 3262 476 3300 ut
487 3248 554 3317 apud
564 3246 690 3315 Delphos,
702 3251 746 3298 scd
755 3253 833 3300 certis
843 3249 856 3296 ὲ
868 3250 983 3316 familiis,
993 3262 1019 3299 et
1044 3271 1045 3312 j

101 3320 1018 3402 :desmiliiiletoaccitussacerdos,numemmmodhconsultantiumetno·
1044 3323 1045 3382 ἶ
