2100 3709
81 12 132 66 eta
413 20 440 60 c.
459 19 553 56 conr.
571 18 685 56 escars

83 105 228 155 Romanum
238 98 472 166 enudtegrurtidua
486 97 622 150 miscendis
632 97 801 150 seditionibus
807 135 816 160 ‚
831 111 859 150 et
871 101 1012 170 plerisque

83 192 169 247 gratus
182 175 284 226 secordi
299 173 426 226 facundia.

115 251 211 301 LXIX.
222 251 256 300 At
267 249 349 298 Julius
362 250 480 315 Auspex,
490 248 504 297 i
515 249 672 314 primoribus
680 247 836 314 Remorum,
856 252 941 300 ovim
951 254 1006 302 Ro-

80 344 199 388 manam,
214 328 331 392 pacisque
347 326 438 374 bonan
451 325 599 383 disserueris,
614 336 639 374 et
661 324 749 372 «sumi
764 324 862 374 bellum
873 329 962 376 etiam
977 330 1007 377 ab

82 403 194 466 ignavia,
207 401 377 450 strenuissimi
386 394 506 465 cujusque
518 399 632 465 periculo
644 398 711 464 geri,
722 397 820 462 iamque
834 416 916 464 super
927 413 1007 467 caput

82 479 233 544 legionesi),
243 477 457 542 sapientissimum
466 493 592 542 quemque
603 475 743 524 reverentii
757 474 856 540 fideque
867 513 874 536 ,
889 476 1007 538 juniores

81 553 242 618 periculose
259 562 329 598 metu
346 550 485 598 continuit.
506 549 542 598 Et
559 549 689 596 Valentini
710 549 824 598 animum
840 549 1004 612 laudabant,

83 626 219 673 consilium
227 623 345 689 Auspicis
356 621 534 686 sequebantur.
546 621 654 670 Constat
663 621 791 670 obstitisse
800 622 925 672 Treveris
939 623 1004 671 Lin-

82 699 239 764 gonibusque
251 696 320 764 apud
337 696 448 757 Gallias,
463 695 546 760 qndd‚
560 693 674 746 Vindicis
692 700 779 753 motu,
800 697 1003 762 eumVerginic

84 783 217 822 steterant.
236 771 366 820 Deterruit
379 771 513 837 plerunque
534 769 722 836 provinciarum
746 769 875 820 emulatio
887 788 893 818 :
907 771 1002 836 equod

82 845 151 896 bello
163 826 336 912 capusfunde
351 842 389 907 jus
406 845 597 909 auspiciumque
608 839 758 909 peteretur?
771 857 861 908 quarn,
872 846 895 894 si
908 859 1003 896 cuneta

84 922 273 988 provenissent,
285 918 369 967 sedem
383 920 490 983 imperio
501 920 615 982 legerent
624 914 661 968 ul
678 917 796 967 Nondum
810 920 921 970 victorin
933 957 941 980 ,
953 923 1001 987 jam

86 993 212 1043 discordia
224 1003 277 1041 erat
289 1009 295 1038 :
309 993 364 1041 aliis
378 991 485 1053 foedera,
502 989 654 1056 quibusdam
669 1007 730 1058 opes
747 993 878 1057 viresque,
895 1006 944 1044 ant
958 1013 1002 1047 se-

81 1059 205 1133 'tustatem
215 1067 335 1132 originis,
345 1083 389 1132 per
399 1065 478 1130 jurgia
485 1065 648 1131 jactantibus.
659 1064 744 1114 Tadio
758 1063 903 1118 futurorum
913 1104 920 1130 ,
934 1087 1000 1136 pm.

86 1145 165 1192 sentia
177 1142 305 1208 placuere.
314 1139 466 1190 Scribuntur
475 1138 507 1188 ad
513 1139 639 1188 Treveros
651 1139 762 1205 epistolae
769 1141 888 1198 ,uonriuc
901 1142 1001 1193 Gallia·

83 1235 161 1276 runs,
178 1230 230 1267 out
242 1219 399 1267 abstinerent
415 1216 511 1278 umis,
525 1215 680 1282 impetrabili
701 1215 829 1277 venil,·er
843 1220 943 1284 paratis
956 1219 999 1268 de·

84 1293 259 1360 precatoribus
268 1329 275 1349 ,
284 1293 305 1340 ai
313 1291 449 1357 poeniteret
456 1307 480 1339 a.
490 1291 596 1339 Restitit
604 1289 670 1339 idem
676 1289 841 1350 Valentinus,
852 1291 998 1344 obstruxit·

83 1383 135 1432 que
147 1367 257 1416 civitatis
269 1382 318 1415 suae
330 1381 416 1425 aures,
430 1362 500 1412 baud
508 1363 616 1431 perinde
627 1363 777 1415 instruendo
790 1365 860 1413 bello
871 1367 999 1430 intentus,

84 1441 161 1508 quirin
174 1439 290 1503 frequens
301 1439 473 1489 concionibus.

118 1515 201 1565 Lxx.
212 1515 292 1581 Igitur
303 1515 466 1564 nonTrereri
472 1550 480 1576 ,
491 1529 572 1579 neque
581 1511 722 1579 Lingones,
731 1525 851 1564 ceterave
863 1515 1000 1566 rebellium

86 1590 219 1648 civitates,
230 1605 278 1654 pro
296 1587 472 1653 magnitudine
483 1587 594 1652 suscepti
613 1587 767 1637 discriminis
778 1603 860 1654 agere.
871 1587 909 1638 Ne
923 1588 1001 1640 eluces

84 1662 187 1730 quidem
199 1665 225 1714 in
240 1681 320 1716 unum
337 1664 476 1713 consulere.
496 1661 548 1714 sed
560 1661 651 1712 Civilis
664 1664 720 1711 avia
738 1664 871 1730 Belgarum
883 1663 1001 1714 circum-
1035 1709 1036 1720 ,

88 1739 159 1801 ibat;
176 1738 237 1788 dum
250 1736 386 1787 Claudium
402 1737 546 1787 Labeonem
566 1753 670 1804 capere,
686 1749 733 1786 aot
747 1739 882 1788 exturbare
896 1737 1001 1789 nititur.
1035 1731 1036 1806 l

88 1811 232 1871 Classicus,
245 1827 319 1876 regne
330 1810 480 1876 plerumque
492 1812 574 1861 otium
589 1811 705 1872 trahens,
717 1811 789 1860 velut
803 1824 876 1879 parto
890 1813 1000 1879 irnperio
1035 1811 1036 1818 ’

86 1885 226 1937 fruebatur.
238 1885 277 1934 Ne
288 1885 369 1932 Tutor
380 1882 483 1949 quidem
490 1886 627 1932 maturavit
638 1885 795 1949 superiorem
807 1887 953 1936 Germaniae
963 1889 1000 1936 ri-

84 1976 161 2027 pam,
171 1971 197 2007 er
208 1957 286 2006 ardua
297 1957 401 2019 Alpium
417 1955 540 2021 presidiis
552 1954 680 2006 claudere.
693 1956 775 2022 Atque
788 1960 893 2008 interim
903 1973 1000 2009 unaet-

88 2034 208 2082 ricesima
220 2029 287 2094 legio
300 2026 460 2093 vindonissa,
470 2028 591 2078 Sextilius
600 2029 673 2080 Felix
682 2047 740 2081 curn
752 2031 891 2082 auxiliariis
901 2034 999 2084 colion-
1034 2025 1035 2111 l

88 2106 156 2155 tibus
167 2121 212 2171 per
221 2102 325 2152 Raetiam
337 2101 459 2170 irrupere.
471 2100 586 2154 Accessit
596 2104 636 2153 ula
647 2105 828 2172 Singularium,
841 2107 926 2157 excita
936 2109 999 2159 olim

89 2181 102 2229 i
113 2180 234 2240 Vitellio,
242 2176 334 2227 deinde
344 2179 371 2226 in
380 2189 464 2243 partes
473 2178 623 2244 Vespasiani
632 2191 792 2246 transgressa.
803 2180 911 2232 Praerat
917 2183 999 2232 Julius

85 2246 260 2318 Briganticus,
275 2267 362 2301 sorore
374 2251 465 2301 Civilis
475 2253 591 2317 genitus,
605 2259 636 2303 ut
646 2251 722 2303 ferme
733 2257 854 2304 acerrima
862 2257 996 2322 proximo-

86 2320 147 2376 rum'
155 2325 212 2374 odie
225 2336 297 2389 sunt,
309 2324 405 2372 inrisus
414 2325 542 2373 avunculo
551 2324 720 2390 infensusque.
728 2325 813 2376 Tutor
823 2328 995 2378 Treverorum
1033 2339 1034 2393 l

87 2401 187 2467 copias,
208 2400 304 2448 receuti
321 2397 690 2465 Vangionum,(laeracatiuru,
708 2400 874 2450 Tribocorum
895 2401 996 2452 delectu

88 2486 187 2535 aucus,
197 2486 317 2524 veterano
325 2473 415 2539 pedite
425 2485 500 2538 atque
510 2474 595 2538 equite
607 2473 728 2533 firmavit,
738 2476 866 2542 corruptis
878 2492 939 2543 spe.
950 2489 995 2528 aut

86 2560 157 2598 metu
179 2549 290 2598 subactis
300 2548 446 2613 legionariis
460 2565 466 2598 :
481 2547 526 2612 qui
541 2545 626 2612 primd
645 2545 792 2614 cohortem,
812 2553 967 2614 premissam
980 2551 993 2600 d

84 2623 192 2671 Sextilio
202 2623 297 2684 Felice,
311 2623 484 2690 interficiunt5
497 2638 558 2672 mon
567 2622 610 2671 ubi
626 2621 702 2671 duces
713 2624 885 2688 exercitusque
898 2627 992 2675 Roma·
1032 2661 1033 2675 .

85 2694 359 2763 nuspropinquabsnt,
368 2696 476 2747 honesto
487 2692 625 2762 transfugio
635 2695 729 2746 rediere
742 2715 747 2745 ι
758 2697 850 2746 iecutis
861 2697 992 2767 Tribocis,

85 2769 312 2836 Vangionibusque
325 2782 351 2820 et
366 2770 542 2826 Caeracatibus.
554 2771 649 2830 Tutor,
665 2771 781 2820 Treveris
797 2763 977 2824 comiiautibus
985 2809 993 2836 ,
1031 2804 1032 2824 t

84 2846 165 2894 vitato
179 2845 355 2909 Mogontiaco„
364 2847 483 2912 Bingium
494 2846 634 2896 concessit:
646 2845 725 2894 fidens
735 2846 806 2906 loco,
819 2846 877 2910 quia
885 2861 989 2912 pontem
1031 2841 1032 2892 l

84 2919 161 2970 nane
172 2918 284 2966 fluminis
294 2918 444 2985 abruperat:
458 2919 503 2968 sed
513 2921 616 2969 incursu
629 2917 771 2968 cohortium
781 2955 788 2978 ,
798 2937 859 2984 quas
867 2922 989 2974 Sextilius

86 2991 212 3052 ducebat,
224 3002 250 3040 et
262 3002 363 3058 reperto
373 2992 440 3042 rado
447 3027 454 3054 ,
474 2993 591 3058 proditus
604 2992 735 3058 fususque.
753 2993 787 3043 Ed
800 2993 871 3044 clade
882 2999 990 3062 perculsi

86 3063 205 3126 Treveri,
223 3076 250 3114 et
264 3064 363 3131 plebes,
380 3066 481 3114 omissis
498 3067 590 3129 armis,
607 3082 653 3132 per
670 3083 741 3132 agros
757 3068 875 3135 palatur:
889 3071 988 3135 quidam

86 3139 246 3204 principum,
260 3149 289 3188 ut
307 3138 384 3204 primi
401 3140 514 3205 posuisse
527 3141 624 3192 bellum
636 3140 799 3204 viderentur,
816 3145 843 3194 iu
858 3146 984 3211 civitates,
1030 3143 1031 3148 ’

85 3228 140 3274 quae
152 3214 298 3262 societatem
308 3214 449 3262 Romanam
459 3231 511 3263 non
523 3230 672 3276 ensuerunt,
685 3217 857 3284 perfugerant.
869 3221 987 3288 Legiones

84 3284 98 3333 i
113 3283 560 3356 NoresioBonolqueinTrereros,
571 3293 604 3364 ut'
618 3289 693 3367 supr'a
708 3296 919 3358 memoravimus,
936 3308 985 3356 usq
