2100 3709
367 21 547 64 snussrosr
567 25 634 67 tu.
655 27 701 68 rr,
942 27 994 91 ²07

74 105 151 160 candi
159 106 243 174 gratini
255 105 368 156 tribunal
381 107 538 172 ingressum,
553 105 643 158 adierit
658 95 807 172 Calpmnius
817 105 951 162 Salvisnut
961 113 989 164 in

73 182 272 232 Sentianum:
286 179 355 243 quod
367 178 381 228 i
395 184 491 231 Caesare
501 176 586 247 palam
598 181 751 247 increpitum
763 198 836 232 esuss
845 185 925 234 exsilii
935 185 990 235 sat·

16 266 20 272 “
70 259 150 306 riano
159 255 218 304 fuit.
228 253 336 318 Obiecta
345 253 447 318 publice
455 255 587 322 Cyzicenis
598 253 712 304 nincuris
722 256 921 306 castimoniarum
933 259 987 310 diri

15 349 16 352 ¹
69 329 197 396 Augusti,
206 330 311 382 additus
317 328 444 380 violentia
449 329 598 377 criminibus
608 327 743 378 sdversinu
751 329 986 382 civesRomanosu:

68 417 95 455 et
104 407 216 454 annuere
224 405 383 467 libertatem,
393 421 468 469 quam
478 405 550 454 bello
559 403 715 456 Mithridatis
725 415 868 454 meruerant
876 408 987 457 circnm-

67 481 147 543 sessi,
163 496 213 528 nee
228 476 313 528 minsis
325 478 369 528 sui
383 477 544 538 woronna,
562 477 637 546 quim
649 477 766 545 pracsidio
780 477 895 536 Luculli,
911 481 987 546 pulso

67 567 138 617 roge.
153 552 191 602 At
203 552 326 601 Fonteius
339 552 430 618 Capito
438 588 445 613 ,
460 553 506 616 qui
522 553 661 620 proconsul
672 553 768 604 Arium
778 564 923 615 curaverat,
938 553 986 602 ab·

68 627 198 686 solvitur,
210 639 342 692 comperto
356 627 415 676 ficta
427 629 453 677 in
464 645 523 677 eum
536 630 641 678 crimina
651 665 658 689 ,
669 646 714 695 per
726 629 832 678 Vibium
844 629 984 680 Serenum:

14 720 15 751 3
68 718 155 774 neque
170 713 256 750 umen
268 701 295 750 id
307 702 402 752 Sereno
415 719 486 752 noro
502 699 565 761 luit,
577 719 653 769 quqm
665 702 753 753 odium
762 705 894 770 publicum
907 704 986 752 tutio·

68 791 123 824 rem
136 774 260 824 iaciebat:
273 793 332 825 nam
344 787 373 825 ut
384 777 440 841 quis
451 776 592 828 districtior
601 790 735 828 accusatos
742 813 750 838 ‚
761 779 833 828 reiut
843 793 987 829 sacrosanc-

71 859 112 898 tus
121 848 191 899 er'at:
204 851 285 913 leves,
300 851 439 918 ignobiles,
451 853 536 918 ,ponta
546 853 739 904 adliciebantur.

13 979 14 990 ,
101 924 242 973 XXXVII.
258 925 308 974 Per
324 924 396 995 idern
409 920 509 992 teinpus
522 925 643 993 Hispania
661 926 780 986 ulterior,
795 925 878 976 missis
891 923 925 973 ad
940 929 984 975 sc·'
1037 967 1039 972 .

68 1008 160 1047 natum
168 998 275 1063 legatis,
285 1001 379 1057 orarit,
394 1010 444 1048 not
454 1001 573 1067 exemplo
582 1001 798 1052 Asin.delnbrnm
809 999 913 1049 Tiberio
926 1015 983 1048 ms-

13 1070 16 1115 i
69 1071 216 1135 triqueejus
224 1083 382 1121 sssuueretn
391 1073 452 1137 :qui
461 1075 594 1124 occasione
603 1075 691 1132 Cesar,
703 1074 803 1124 validus
809 1073 904 1138 alioqui
913 1087 983 1138 spet-

68 1143 160 1194 nrndis
176 1141 335 1200 bonoribus,
351 1152 378 1195 st
389 1146 598 1212 respondendum
613 1161 684 1198 ratus
694 1149 725 1198 iis
732 1181 741 1209 ,
757 1161 865 1213 quorum
877 1161 982 1196 rumore

13 1224 14 1261 i
68 1219 219 1282 arguebatur
232 1221 260 1270 r'n
275 1219 452 1270 ambitionem
458 1221 580 1288 flexisse,
590 1221 767 1286 huiuscemodi
778 1221 918 1272 orationem
929 1233 981 1268 coe·

13 1316 14 1319 κ
66 1292 116 1356 pit.
136 1291 223 1350 nscio,
237 1303 321 1356 patres
333 1292 483 1357 conscripti,
495 1295 664 1342 constentiam
675 1309 759 1342 meam
770 1290 783 1340 i
796 1291 921 1358 plerisque
933 1290 982 1340 de·

70 1365 221 1421 sideratam,
235 1363 307 1428 qubd
317 1364 386 1414 slsiae
400 1366 560 1424 civitatibus,
571 1382 653 1432 nuper
662 1365 731 1414 idem
740 1365 808 1412 istud
819 1365 980 1430 petentibus,

69 1456 120 1487 non
130 1440 178 1488 sim
188 1437 355 1487 adversatus:
368 1453 428 1501 crgo
440 1446 466 1484 et
474 1437 569 1503 prioris
580 1437 675 1486 silentii
684 1435 855 1486 defensionem
864 1475 873 1498 ,
882 1449 908 1486 et
919 1436 981 1501 quid

13 1520 14 1525 ’
69 1511 221 1562 infuturum
231 1512 379 1570 statuerim,
391 1510 468 1562 simul
477 1511 598 1579 aperiam.
612 1511 699 1576 Quum
710 1508 783 1558 divus
794 1516 922 1574 Augustus
931 1511 982 1562 sibi

69 1597 143 1652 stqne
152 1587 211 1636 urbi
225 1588 313 1636 Rome
324 1586 449 1652 templum
459 1585 528 1652 apud
541 1585 695 1652 Pergamum
705 1585 760 1635 sisti
772 1599 822 1632 non
835 1582 981 1658 prohibuis-

13 1678 17 1695 =.
68 1652 124 1726 rit,
136 1662 180 1725 qni
191 1660 280 1713 omnia
294 1659 358 1710 facta
368 1659 485 1727 dictsqoe
495 1661 549 1724 ejus
561 1661 616 1710 vice
627 1660 691 1726 legis
700 1661 848 1720 observem,
857 1657 979 1726 placitum

13 1768 16 1835 p
66 1734 272 1802 jamenemplom
282 1735 610 1803 promptimseeutussom,
625 1735 835 1801 quiaoultuimeo
847 1736 979 1785 veneratio

14 1858 16 1869 ,
65 1807 978 1878 mnstdsadjungebatur.ceterbmrrtsemelrecepisscreuismhabueritp

14 1890 17 1945 j
65 1883 100 1932 ita
119 1899 165 1950 per
182 1901 271 1934 omnes
281 1886 424 1951 provincias
436 1887 516 1952 effigie
532 1889 667 1938 numinum
680 1886 783 1942 sacrari,
798 1883 977 1949 ambitiosum,

14 1952 17 1999 Ι
66 1959 222 2023 superbum:
232 1971 259 2008 et
270 1973 388 2012 vanescet
399 1965 508 2028 angunt
518 1962 601 2014 bonor
611 1999 618 2020 ,
629 1963 650 2012 si
662 1963 811 2032 promiscuis
822 1960 978 2014 adulationi-

65 2031 116 2080 bus
126 2033 274 2098 vulgatura.

13 2158 16 2173 Ι
97 2105 252 2158 XXXVIII.
267 2107 344 2172 uligo
362 2122 421 2166 me,
446 2119 530 2172 patres
547 2110 700 2177 conscripti,
713 2109 847 2159 mortalem
862 2125 930 2166 esse.
950 2123 978 2160 et

66 2179 201 2230 hominum
211 2182 293 2232 officis
305 2181 392 2248 iungi,
407 2182 516 2246 satisque
527 2183 619 2234 habere
629 2219 635 2242 ,
646 2185 667 2232 si
675 2183 762 2232 locum
771 2183 912 2250 principem
925 2186 977 2234 im·

64 2255 166 2320 plerm,
180 2266 207 2304 ct
220 2271 265 2303 vos
278 2266 373 2316 testor,
386 2265 412 2303 et
425 2256 572 2307 meminisse
585 2268 702 2323 posteros
713 2255 787 2304 volo:
802 2256 917 2320 quitatis
929 2273 977 2306 su-

12 2338 16 2405 p
65 2329 295 2392 perquememoriss
305 2327 977 2393 meotribucnt,ntrnaioribusmeisdignumrerum

12 2414 17 2485 Ι
68 2412 208 2453 vestrarum
221 2403 372 2470 providum,
388 2415 548 2455 constantem
560 2406 586 2453 iu
599 2403 733 2468 perieulis,
745 2400 912 2450 offensionum
927 2417 977 2468 pro

12 2488 15 2509 ¹
66 2477 175 2526 utilitate
186 2478 290 2544 publici
301 2494 354 2527 non
364 2475 488 2544 pavidum
499 2477 613 2525 credant.
625 2475 685 2523 lieo
695 2471 760 2522 mibi
775 2473 902 2522 inanimis
914 2489 977 2523 ves-

69 2550 116 2602 tris
128 2551 235 2618 templs,
245 2551 284 2602 bo
294 2551 470 2618 pulcherrime
480 2550 587 2615 effigies,
597 2559 624 2612 ct
633 2561 772 2597 mansure:
784 2562 906 2612 namquo
915 2565 977 2600 saxo

12 2648 15 2661 =
67 2635 208 2688 struuntur,
220 2626 242 2675 si
251 2624 372 2688 iudicium
382 2637 544 2694 posterorum
555 2626 581 2676 in
593 2621 681 2674 odium
688 2623 826 2688 vertit‚pro
835 2623 977 2690 sepulchris

12 2666 19 2752 l
68 2711 232 2766 spernuntur.
243 2699 353 2750 Proinde
365 2704 462 2764 socios,
473 2701 540 2750 ciros
549 2736 555 2758 ,
565 2709 591 2748 et
603 2696 663 2748 deos
672 2698 739 2764 ipsos
748 2708 837 2764 precor
845 2715 853 2747 v2
867 2696 914 2750 hot
924 2735 931 2760 ,
945 2709 977 2749 ut

11 2776 13 2861 p
68 2775 129 2824 mibi
139 2775 174 2824 ad
183 2776 262 2826 finem
273 2792 354 2841 usque
366 2779 439 2832 rito.
453 2775 567 2841 quietam
579 2785 605 2822 et
618 2773 805 2838 intelligentem
817 2773 920 2825 humaui
931 2773 976 2824 di·

67 2850 164 2935 riniqpe
173 2848 354 2913 jurismentem
363 2849 451 2908 duint,
460 2850 533 2908 illos,
547 2861 575 2898 ut
581 2847 733 2913 quandoque
743 2865 902 2911 concessero,
914 2865 974 2906 curn

68 2922 139 2971 lande
150 2934 177 2972 et
188 2924 266 2973 bonis
281 2923 513 2983 recordationibus,
527 2923 593 2974 lacte
605 2933 679 2988 atque
692 2921 785 2971 lamam
798 2925 909 2974 nominis
921 2907 975 2972 mei

11 3044 12 3047 ,
67 3009 281 3064 prosequantur».
295 2999 460 3064 Perstititque
477 2997 585 3065 posthac
602 2997 706 3049 secretis
717 2999 793 3048 etiam
812 2998 976 3048 sermonibus

11 3058 12 3089 ¹
69 3071 211 3138 adspernari
223 3072 353 3138 talem—sni
361 3073 476 3122 cultumr
491 3074 561 3142 qnod
571 3075 612 3124 alii
626 3075 796 3132 modestiam,
804 3073 892 3130 multi,
905 3073 975 3140 qnia

11 3156 12 3195 i
70 3139 207 3207 diffideret,
214 3139 317 3204 quidam
328 3175 335 3198 ,
348 3149 379 3192 ut
388 3141 527 3209 degeneris
535 3143 638 3198 animi,
649 3139 888 3203 interpretabantur.
898 3152 913 3182 r<
920 3135 976 3197 Op-

11 3206 12 3217 *
71 3225 151 3262 tumor
164 3214 260 3280 quippe
270 3213 419 3264 mortabum
429 3214 552 3266 eltissima
563 3228 666 3280 cupere.
679 3211 719 3259 Sic
730 3212 881 3265 Herculem,
893 3218 919 3254 et
928 3203 977 3254 Li-

11 3274 12 3313 ss
70 3287 155 3340 berun
165 3287 235 3360 apud
243 3290 356 3360 Grecos,
367 3288 504 3354 Quirinum
511 3288 579 3360 apud
589 3303 650 3349 nos,
661 3283 739 3338 dedus
747 3297 854 3402 surgere
865 3279 977 3330 additas.
