2100 3709
93 79 143 137 956
403 90 429 131 e.
452 90 548 130 conte.
569 86 691 129 recrrr

90 178 179 229 celone
193 187 220 226 et
230 170 380 237 l‘enllinue·,
401 188 482 237 qnnrn
503 170 640 237 prudentii
659 184 750 218 eornm
768 181 844 220 nemo
869 172 996 219 uteretur
1011 188 1022 227 ‚¹

90 240 269 301 ineninornine
279 248 372 296 ducum
381 284 388 310 ,
396 249 481 295 aliene
491 247 571 312 culpe
580 243 802 312 protendebantur
812 264 818 293 ε
829 244 935 294 tribuni
947 256 1017 290 cen·

88 326 251 386 tnrioneeqne
264 320 390 385 embigni,
402 320 487 384 qnbd,
499 319 589 385 epretie
603 318 763 380 melioribue,
779 317 915 367 deterrimi
931 316 1012 364 eele—
1042 348 1043 353 ,

88 394 152 445 bent
166 414 172 443 :
189 396 262 444 milet
274 397 373 453 elacer3
386 393 430 456 qui
440 402 526 439 temen
538 392 604 450 inere
618 389 711 437 ducum
725 390 905 454 interpretari,
926 388 1010 451 quim

90 469 208 532 excoqui,
219 469 317 517 mullet.
325 465 471 515 Promoeeri
480 464 513 513 ed
520 460 785 528 qtrartumllledrieco
795 474 878 512 oeetra
889 460 1009 527 pleonit;

91 539 154 590 edeo
167 540 295 607 imperite,
307 551 337 589 nt
347 552 490 604 quenquam
500 553 579 585 verno
597 548 711 600 tempore
725 536 799 597 enni,
809 546 835 584 et
848 544 890 582 tot
902 531 1011 582 circum

91 614 224 675 omnibus,
236 610 341 678 penne-il
359 627 428 675 eque
442 609 617 674 fatigarentur.
634 606 675 677 lbi
689 605 722 654 de
738 608 823 672 prelio
836 606 987 655 dubitatum
1002 641 1011 663 ,

92 683 194 734 Otbone
208 701 253 749 per
263 686 362 734 litterae
371 683 510 746 flagitante,
524 692 554 728 ut
566 690 739 740 maturarem
754 679 890 741 militibus,
908 688 940 725 ut
954 677 1011 725 im-

92 770 193 823 peretur
202 774 291 824 pugne
299 754 410 812 edereet,
420 754 584 821 porcentibne
595 752 721 817 :plerique
728 751 812 817 copie
820 763 892 800 trene
904 748 1008 799 Pedum

93 844 196 896 egenter
211 834 286 881 eeeiri
295 830 467 897 postulabant.
480 828 537 879 Nec
549 826 653 894 perinde
667 825 799 887 dijudiceri
812 836 919 891 poteet,
940 822 1006 889 quid

93 906 219 968 optimum
230 902 324 954 lentum
332 904 421 963 inerit,
433 902 509 968 quim
520 903 657 966 peeeimum
668 898 756 959 iniere,
767 898 835 962 quod
847 898 950 948 laetum
960 908 1007 945 eet·

126 977 181 1024 xt.
193 978 249 1025 Non
260 988 289 1025 ut
299 976 331 1024 ed
340 990 468 1041 pugnem,
480 973 524 1023 eed
532 974 563 1021 ab
572 971 720 1021 bellandum
731 968 855 1036 proiecti,
867 972 1008 1019 confluen-

93 1058 133 1097 tee
144 1047 206 1104 Pedi
220 1061 247 1099 et
261 1048 359 1098 Addne
370 1049 520 1108 fluminum,
533 1044 643 1094 sedecim
655 1042 714 1091 inde
729 1045 836 1092 millium
847 1046 937 1109 epotio
951 1043 1004 1092 elle-

95 1130 191 1179 tentee,
208 1122 340 1187 petebent.
353 1122 428 1171 Celeo
440 1132 466 1169 et
478 1118 595 1168 Peullino
613 1116 795 1175 abnuentibus,
812 1116 950 1165 «militem
963 1118 1003 1165 iti-

95 1208 156 1241 nere
170 1193 282 1257 foeeum,
297 1196 403 1245 eeroinie
418 1210 536 1260 gravem,
549 1192 657 1256 obiicere
674 1187 757 1245 boeti,
775 1206 826 1238 non
838 1189 1004 1249 edmieed'ro,

95 1268 233 1329 quominne
245 1269 395 1335 expeditne,
407 1281 433 1318 et
445 1271 490 1318 vie
503 1279 611 1331 quatuor
622 1264 703 1313 millio
713 1276 829 1329 persuum
842 1278 1007 1328 progressus,

94 1350 139 1387 ent
150 1341 332 1407 incompoeitoe
342 1344 369 1392 in
381 1344 496 1408 agmine,
510 1352 556 1389 ent
564 1338 706 1404 diopereoe,
719 1347 747 1384 et
757 1337 852 1384 vellum
865 1336 1005 1385 molientee

94 1410 304 1476 edgrederetnrn.
316 1416 435 1465 Titianue
446 1427 473 1463 et
480 1413 622 1469 Proculue‚
635 1410 680 1459 ulii
696 1410 808 1458 coneiliie
823 1410 1007 1471 vincerentur,
1042 1458 1043 1475 ,

95 1483 129 1532 ed
135 1484 176 1549 lue
194 1489 294 1554 imperii
307 1491 458 1539 treneibeot.
475 1486 574 1537 rideret
585 1483 643 1534 eenb
654 1485 719 1532 citus
732 1498 796 1549 equo
808 1480 833 1531 N
836 1480 935 1539 umida,
948 1496 1007 1529 cunt

94 1558 224 1609 etrocibne
234 1560 377 1618 rneudetie,
390 1561 483 1624 quibui
500 1557 586 1611 Otho.
606 1555 729 1620 increpiti
746 1553 863 1603 «dueum
880 1552 1006 1617 reguitii,

94 1640 150 1678 rem
158 1631 184 1678 in
196 1631 334 1680 diecrienert
345 1633 432 1681 mittio
445 1629 566 1692 jubebat,
578 1642 641 1690 eger
651 1625 739 1683 mord,
752 1638 778 1675 et
790 1628 845 1691 epei
855 1628 1007 1693 impetiene.

126 1701 195 1749 XLI.
210 1702 305 1751 Eidem
322 1702 381 1758 die,
398 1701 585 1761 edendorum,
601 1700 671 1764 operi
686 1698 770 1759 pontit
788 1699 933 1758 intentum,
954 1699 1007 1747 duo

95 1773 268 1834 preterierum
288 1763 432 1839 cohortium
451 1772 563 1831 tribuni,
583 1768 740 1830 colloquium
757 1767 811 1831 eine
828 1770 1007 1836 poetulentee,

97 1856 229 1892 venerunt.
245 1844 342 1893 Audire
358 1843 534 1903 conditionee,
548 1857 577 1888 ec
589 1837 695 1906 reddere
707 1838 826 1903 perebet,
839 1856 918 1907 quum
938 1860 1009 1910 pre.

96 1912 188 1977 eipitee
197 1917 366 1979 exploratores
375 1916 462 1965 edeeee
471 1914 574 1963 boetem
585 1911 743 1963 nuntiavere.
753 1912 913 1981 Interruptue
921 1918 1008 1966 eribu-

96 2000 187 2033 norum
205 2002 305 2037 eerrno:
317 1987 398 2054 edqne
409 1992 535 2038 incertum
552 1985 616 2048 suit,
635 1982 754 2043 inridier,
769 2004 800 2035 en
812 1987 1007 2054 proditionem,

96 2055 137 2104 rel
149 2055 254 2120 eliqood
271 2060 405 2111 boneetum
420 2060 558 2110 coneilinrn
576 2058 751 2122 coepteverint.
764 2060 873 2119 Ceoine,
890 2060 1006 2113 dimieeie

96 2128 223 2189 triburie,
237 2146 355 2183 revectus
365 2136 390 2183 in
402 2146 499 2189 ceetre,
516 2131 607 2181 datum
618 2129 688 2194 jueen
700 2130 772 2181 Febii
787 2134 902 2182 Veientis
912 2150 1004 2201 pugne

96 2203 210 2269 tignum,
224 2219 250 2256 et
264 2209 373 2257 militem
391 2210 419 2258 in
431 2208 507 2257 ormie
524 2206 631 2257 invenit.
647 2204 714 2252 Dum
730 2206 841 2270 legionee
858 2206 890 2255 de
909 2208 1000 2259 ordine

96 2277 204 2339 egminie
216 2282 375 2344 sortiuntur,
389 2284 487 2345 equitee
497 2278 652 2347 prorpplre,
666 2288 692 2326 et
705 2280 798 2327 mirum
809 2278 893 2338 dictu,
906 2280 921 2328 i
933 2296 1003 2347 pau·

95 2349 209 2401 eioribue
218 2351 372 2402 Othonianis
384 2354 522 2419 quominue
533 2353 561 2401 in
573 2352 669 2400 vellum
683 2352 1002 2419 impingerentur,1teliee

95 2420 204 2485 legionie
214 2426 308 2476 virente
318 2427 435 2486 deterriti
445 2438 516 2475 eunt:
525 2442 556 2473 ea
565 2426 659 2475 etrietie
669 2426 938 2489 mucronibue,redire
945 2430 1005 2492 pul·
1041 2462 1042 2467 ,

94 2508 151 2558 eoe,
165 2508 192 2545 et
201 2515 453 2566 pugnemreeumere
464 2502 556 2563 coegit.
567 2496 696 2564 Diepoeite
705 2498 899 2551 Vitellienerum
915 2502 1003 2567 legio-

94 2581 157 2617 ruun
170 2573 252 2634 eeiee,
273 2575 328 2624 eine
343 2574 530 2641 trepidatione:
543 2574 639 2625 etenim
655 2586 798 2637 quenquem
812 2574 898 2625 vicino
914 2574 1006 2639 boeto,

94 2639 229 2705 edepectue
240 2660 369 2696 ermornm
381 2646 466 2697 deueie
481 2645 592 2694 erbuetie
604 2642 807 2711 prohibebetur:
824 2648 893 2714 epud
913 2650 1004 2700 Otho.

94 2713 186 2764 nienoe
202 2716 286 2780 pavidi
298 2719 376 2769 dneee
385 2753 393 2775 ,
402 2719 476 2767 mileo
486 2718 594 2767 dueibne
607 2714 733 2777 infensor,
751 2720 833 2769 mixte
848 2721 966 2772 vebieule
977 2736 1004 2775 et
1041 2758 1042 2761 =

93 2782 165 2846 lieet,
176 2799 203 2836 et
213 2792 343 2857 proruptie
353 2792 481 2856 utrimque
492 2790 581 2848 ioeeie,
590 2790 631 2837 vie
641 2788 727 2852 quieto
737 2804 838 2855 quoqne
847 2795 945 2856 egmini
954 2812 1000 2843 en.

94 2866 176 2919 gutte.
189 2860 382 2913 circumsistere
392 2865 436 2914 elii
445 2866 516 2929 eique
525 2879 586 2923 ene,
599 2876 709 2925 querere
719 2862 764 2911 elii
775 2880 783 2912 :
795 2865 905 2914 ineertne
918 2866 1001 2917 undi-

95 2944 144 2993 que
156 2930 268 2993 elamor,
284 2938 485 2998 occurrentum,
500 2932 685 2984 vocitentium:
704 2944 731 2983 et
742 2944 771 2982 ut
786 2937 877 3001 cuique
893 2939 1001 2992 eudocia

94 3003 136 3052 eel
146 3002 270 3066 formido,
283 3008 310 3055 in
320 3007 429 3074 primem
439 3019 626 3075 poetrememre
638 3007 720 3056 eciem
730 3009 945 3079 prorumpebent,
957 3016 999 3066 vel

93 3076 287 3148 revebebentur.
550 3128 553 3135 ,

126 3150 208 3203 an.
219 3151 350 3203 Attonitae
360 3154 444 3203 eubito
457 3163 553 3202 terrore
563 3161 662 3199 menter
674 3150 766 3203 l'elenm
775 3154 895 3219 pendium
904 3156 1008 3206 inlen-·
1040 3160 1041 3169 ³

95 3238 199 3291 quorem
213 3227 304 3282 vertit.
318 3228 439 3294 repertio,
457 3227 502 3291 qni
514 3224 673 3275 odeeeirieee
687 3226 702 3276 l
714 3228 821 3277 Vitellio
836 3230 1010 3282 exercltume.

97 3301 288 3379 ementirentur.
301 3299 327 3353 le
339 3315 426 3355 rumor
435 3294 954 3371 ebeeploretortbee-Viteltiidiepereeie,
964 3322 995 3357 ee
