2100 3709
317 35 555 75 nasnottsaauu
578 35 644 72 arn.
668 37 716 73 ιιι.
921 21 976 77 445

49 119 154 180 ductae,
166 119 268 187 seipsas
282 119 308 169 in
321 119 397 169 rerba
408 119 557 185 Vespasiani
573 117 684 183 adigunt.
698 116 756 166 Hac
773 116 910 168 Valentino
923 119 976 172 ab.

52 207 132 246 sente
141 206 212 262 gesta
223 213 229 244 :
243 197 286 260 qui
296 193 342 244 nbi
353 194 507 247 adventabat
515 194 600 243 furens
612 230 618 252 ‚
628 205 768 258 cunctaque
779 209 867 243 rursus
876 195 901 243 in
915 205 971 243 tur-

54 270 108 333 bae
120 282 147 319 et
164 271 272 319 exitium
283 285 466 330 conversurus,
482 270 595 334 legiones
609 273 634 316 in
645 268 866 330 Mediomatricos,
876 269 971 318 sociam

52 344 192 394 civitatem
202 378 209 403 ‚
219 343 368 394 abscessere.
381 344 533 392 Valentinus
540 355 569 391 ae
578 341 661 390 Tutor
674 345 698 390 in
710 359 778 390 arma
791 342 916 391 Treveros
926 359 971 390 re-

52 417 184 468 trabunt:
198 418 287 481 occisis
301 417 431 466 Herennio
442 431 471 465 ac
482 416 600 465 Numisio
612 417 701 482 legatis
712 453 722 477 ,
734 414 785 481 qud
796 451 802 474 ,
818 417 915 465 minore
926 431 978 483 spe·

53 491 142 540 venias
151 523 159 549 ,
168 502 293 540 cresceret
301 491 432 540 vinculum
441 491 550 540 sceleris.

91 562 187 613 Lxxt.
198 564 248 613 Hic
257 565 320 614 belli
331 576 411 614 status
419 577 486 622 erat,
498 581 578 630 quum
591 564 697 614 Petilius
710 562 813 612 certatis
822 561 972 628 'Mogontia-

53 650 121 683 cum
132 638 201 686 venit
210 656 216 687 ι
231 637 286 702 ejus
295 638 406 687 adventu
416 649 504 687 erectae
513 654 579 704 epea.
591 637 648 704 Ipse
658 652 747 703 pugnae
757 634 860 694 avidus,
873 645 899 684 et
910 651 974 684 cou-

55 709 225 774 temnendis‚
242 711 318 776 quim
336 712 458 762 cavendis
473 712 590 764 hostibus
603 711 707 771 melior,
724 708 815 761 ferocia
834 710 973 758 verborum

55 783 174 832 militem
182 785 348 849 incendebat;
359 786 404 834 ubi
416 783 527 852 primum
534 784 655 850 congredi
663 783 789 841 licuisset,
800 783 897 832 nullam
907 798 973 848 prae-

55 857 98 906 tio
108 873 206 907 moram
216 857 337 908 facturus.
349 859 470 908 Deiectus
478 876 525 926 per
533 859 645 908 Galliam
658 857 757 906 habitos
767 859 792 904 in
804 858 917 906 civitaten
929 873 974 904 re-

58 931 158 989 mittit,
172 947 201 980 sc
217 934 335 982 nuntiare
353 933 423 995 iubet
442 933 580 985 «sufficere
594 933 701 997 imperio
716 932 844 996 legiones:
862 930 924 977 socii
941 927 974 978 ad

64 1005 157 1052 munia
170 1007 239 1072 pacis
262 1007 388 1069 redirent,
403 1008 502 1065 securi,
520 1009 591 1057 velut
605 1005 722 1056 conlecto
744 1005 827 1067 bello,
839 997 976 1068 quod'Ro·

57 1093 142 1128 maure
161 1095 251 1129 mansas
267 1080 424 1145 excepissent
434 1097 459 1128 a).
473 1079 552 1130 Auxit
564 1097 593 1128 ea
604 1097 644 1129 res
656 1080 792 1129 Gallorum
803 1078 954 1164 obsequium
966 1093 975 1127 a

60 1167 127 1200 narn
136 1154 254 1219 recepti'
249 1165 396 1219 rnrentute,
411 1151 511 1202 facilius
527 1154 622 1205 tributa
634 1153 788 1211 toleravere
801 1154 933 1218 proniores
943 1151 976 1202 ad

60 1226 146 1274 officia
156 1226 247 1292 ,qudd
259 1227 450 1294 spernebantur.
462 1225 497 1275 Aa
510 1228 598 1277 Civilis
608 1237 634 1276 et
647 1228 770 1276 Classicus
775 1261 785 1286 ,
796 1227 840 1274 ubi
852 1243 866 1273 r‹
873 1227 976 1292 pulsum

59 1297 206 1359 Tutorem,
219 1317 296 1352 casea
308 1302 450 1365 Treveros,
460 1310 551 1348 cuncta
560 1299 676 1348 hostibus
685 1313 825 1364 prosperas>
838 1299 974 1362 accepere:

61 1373 162 1438 trepidi
171 1391 201 1422 ac
210 1388 389 1440 properantes,
399 1336 461 1423 duris
473 1373 597 1438 dispersas
608 1387 712 1422 suorum
723 1371 807 1437 copias
819 1371 977 1456 condamm,

62 1447 176 1494 crebris'
170 1448 270 1497 interim
280 1449 377 1512 nuntqis
384 1447 549 1496 Valentinum
559 1448 680 1495 monuere
689 1483 697 1508 ,
714 1461 770 1494 one
779 1459 882 1492 summo
892 1445 929 1493 rei
937 1461 982 1510 pe-

66 1520 182 1570 sinotum
191 1519 285 1570 faceret
293 1539 318 1570 n.
335 1520 373 1571 Ed
382 1519 495 1586 rapidiiss
505 1521 627 1586 Cerialis,
640 1520 725 1570 missis
736 1519 762 1568 in
773 1517 979 1568 Mediomatricos

65 1608 115 1660 qus
108 1590 257 1654 'breviore
253 1597 341 1646 ttinere
350 1595 478 1662 legiones
472 1611 499 1642 ιιι
508 1593 608 1644 hostem
618 1604 759 1655 verterent,
770 1601 900 1642 contracto
910 1589 979 1656 quod

66 1677 126 1716 erat
138 1669 249 1718 militum
262 1669 614 1753 Mogontiaci‚quantnmque
629 1685 715 1720 secum
728 1675 912 1726 transvexerat,
926 1676 981 1713 ter·

66 1742 114 1792 tiis
127 1745 216 1791 castris
232 1743 390 1808 Rigodulum
405 1744 493 1808 veuit;
510 1741 684 1808 qrremlocum
697 1740 792 1803 magnai
808 1732 979 1788 Treverorum

69 1832 149 1864 manu
158 1816 309 1866 Valentinus
320 1818 460 1875 insederat,
470 1818 652 1866 montibusaut
661 1809 770 1866 Mosella
781 1828 855 1862 amne
864 1823 978 1880 septum:

67 1902 97 1940 et
107 1889 240 1941 addiderat
248 1893 327 1942 fossas
337 1894 497 1957 ,obicesque
512 1907 641 1942 saxorum.
654 1891 709 1942 Nec
721 1889 864 1940 deterruere
880 1907 909 1938 ea
920 1905 982 1956 rnu-

68 1965 186 2014 nimenta
195 1966 439 2014 Romanumducem
448 1969 601 2030 ,quominus
613 1968 725 2034 peditem
735 1981 899 2032 perrumpere
908 1949 982 2028 jube-

38 2053 41 2058 ’
69 2049 127 2093 ret,
141 2039 259 2101 equitum
271 2039 351 2086 aciem
367 2040 393 2086 in
406 2039 499 2084 collem
514 2042 638 2101 erigeret,
656 2051 740 2104 spreto
750 2039 827 2087 hoste
835 2053 929 2103 ,quem
944 2047 984 2086 te-

71 2127 144 2160 mere
134 2110 289 2160 collectum
299 2149 307 2171 ,
318 2110 400 2159 leand
394 2122 430 2159 rta
441 2109 514 2159 loco
508 2111 588 2171 quvari
597 2145 605 2170 ‚
614 2121 643 2158 ut
658 2127 709 2158 non
720 2112 777 2176 plus
789 2113 841 2160 suis
851 2114 877 2160 in
887 2113 983 2160 virtute

71 2183 149 2234 soret.
161 2183 269 2234 Paulum
285 2201 362 2234 morae
371 2187 398 2232 in
407 2182 544 2242 adscensu,
559 2182 622 2232 dum
636 2183 741 2231 missilia
755 2182 868 2232 hostium
885 2191 983 2250 perere·

72 2261 180 2308 Ιιιιιιιιιι.
198 2257 235 2306 Ut
246 2269 352 2309 ventum
367 2260 395 2308 in
408 2273 518 2314 manns,
531 2256 661 2306 deturbati
671 2253 754 2308 ‘anina
771 2256 848 2305 modo
864 2258 983 2324 praecipi-

74 2344 170 2382 tantur.
183 2333 215 2382 Et
228 2350 287 2400 pars
298 2335 412 2398 equiturn
423 2333 575 2397 aequioribus
583 2331 648 2398 iugis
658 2333 841 2391 circumvecta,
855 2329 986 2390 nobilissi-⁴

76 2423 134 2457 mos
142 2409 288 2474 belgarum,
299 2411 327 2458 in
337 2409 393 2474 quis
401 2409 494 2458 ducem
502 2409 683 2468 Valentinum,
695 2409 771 2477 cepit,

108 2482 214 2532 LXXII.
226 2484 330 2533 Cerialis
338 2495 439 2550 postero
447 2483 489 2532 die
496 2485 623 2532 coloniam
629 2480 929 2545 Treverorumingressns
936 2489 986 2544 est,

79 2556 156 2605 avido
167 2560 249 2608 milite
260 2557 376 2608 eruendae
387 2560 511 2609 civitatis:
521 2575 537 2607 ιι
545 2559 616 2608 Hanc
625 2573 678 2607 esse
689 2557 803 2612 Classici,
811 2554 874 2602 hanc
882 2553 986 2612 Tutoris
1001 2591 1004 2614 :
1020 2563 1032 2598 ⁴.

79 2635 204 2699 patriam:
217 2636 310 2684 borum
318 2637 412 2685 scelere
424 2635 521 2683 clausas
533 2650 655 2698 casasque
668 2634 789 2699 legiones.
803 2627 872 2695 Quid
886 2639 988 2700 tantum
1023 2670 1026 2684 ,

80 2710 232 2759 Cremonam
244 2711 380 2772 meruisse,
391 2727 469 2775 quam
477 2709 490 2757 le
499 2711 597 2774 gremio
612 2709 690 2770 Italia
708 2718 822 2772 raptam,
838 2703 898 2768 quia
911 2702 992 2765 unius,

82 2791 163 2839 noctis
174 2808 272 2840 moram
283 2793 421 2841 victoribus
431 2792 544 2841 attulerit
551 2789 645 2840 ?*Stare.
652 2791 678 2838 in
685 2785 794 2838 confinio
803 2787 943 2839 Germania
952 2785 993 2834 iud

81 2871 177 2928 tegram
192 2866 294 2925 sedem,
313 2865 568 2950 spoliis'exercitu'um
587 2875 612 2912 et
624 2862 718 2911 ducum
736 2863 844 2912 caedibus
860 2871 992 2913 ovantem.

82 2937 252 3004 Redigeretur
262 2939 365 3005 praeda
359 2959 384 2988 ιιι
396 2941 502 2990 liscum:
516 2941 577 3004 ipsis
586 2939 713 2987 sufficere
708 2953 791 3003 ignes,
801 2948 826 2984 et
836 2935 939 2984 rebellis
948 2947 992 2980 oo-

83 3014 157 3061 louiae
173 3015 258 3065 ruinas
270 3053 277 3074 ,
289 3015 381 3080 quibus
392 3027 429 3064 tot
438 3026 577 3064 castrorum
588 3012 685 3061 excidia
697 3021 891 3078 pensarentur».
886 3005 994 3054 .Ceria-

84 3088 117 3136 lis
135 3100 205 3137 ructu
219 3089 370 3149 infamiae,
351 3107 373 3137 ss
382 3089 485 3140 licentii
495 3087 639 3151 saeritiaque
652 3087 766 3134 imbuere
782 3083 890 3131 militem
899 3078 990 3130 caede-

82 3171 152 3210 retur
159 3164 350 3228 ‚preesitiros:
361 3162 519 3226 etparuere,
535 3163 619 3244 posito
636 3161 730 3207 cisium
745 3157 827 3212 bello,
840 3153 1024 3206 adexterna

87 3233 262 3318 questiormes
279 3235 412 3286 Convertit
430 3233 490 3281 inde
501 3233 601 3299 animos
617 3234 751 3300 accitarum
765 3229 778 3276 ὲ
792 3225 993 3275 Mediomatricis

89 3295 219 3378 legionum
246 3310 398 3364 miserabilis
421 3308 568 3376 adspectus.
593 3307 701 3358 Stabant
718 3301 871 3426 ιοιιιοὲιιιθῑίἰι
904 3302 1019 3367 ungrani
