2100 3709
328 26 501 69 innuerunt
516 30 582 69 crs.
603 32 644 71 rr.
903 18 939 91 59

16 122 17 125 ’
39 88 315 165 nouddmadcrescente
327 113 403 169 until,
416 113 538 179 intrepidi
551 115 673 163 transiere
684 130 690 163 :
701 125 856 181 postremum
862 118 937 166 auxi·

16 210 17 213 ¹
38 193 122 239 lictum
138 206 242 256 agmen,
258 189 395 251 Batavique
407 189 432 236 in
444 200 515 253 parts
528 188 572 247 ei,
586 188 648 237 dnm
663 190 784 239 insultant
797 193 881 255 equis,
892 207 937 238 ar·

38 275 132 331 temque
142 263 217 311 naudi
230 267 372 319 ostentent,
385 262 495 317 turbati,
507 274 533 312 et
543 262 648 327 quidam
656 262 742 311 hausti
752 276 820 312 sunt.
831 263 936 313 Metanti

38 350 110 384 castra
123 338 213 385 Caesari
229 334 438 399 Angrivariorum
449 335 587 385 deiectio‘i
599 350 668 401 tergo
684 337 816 385 nuntietur
827 353 833 383 ε
845 338 937 385 missus

37 411 98 458 illico
107 412 245 459 Stertinius
256 426 314 459 cum
324 411 416 475 equite,
424 423 449 459 et
458 412 586 461 armaturi
593 413 653 472 leri,
663 413 721 477 igne
729 424 756 461 et
764 409 938 475 cedibusper-

37 482 114 531 fidiam
127 485 198 533 ultus
209 496 256 533 est.

65 559 109 605 IX.
118 558 231 606 Flumen
238 558 350 623 Visurgis
359 560 488 608 Romanos
499 557 689 623 Cheruscosque
697 555 860 609 interfluebat
869 571 875 602 ε
887 551 940 616 ejus

38 630 118 695 inripai
129 648 188 681 cunr
200 633 289 679 ceteris
298 632 455 697 primoribus
467 632 597 681 Arminius
609 634 722 696 adstitit,
734 630 890 696 quasitoque
900 644 940 676 on

16 698 18 729 ³
39 704 128 756 Coesar
138 704 275 758 venissel?
284 718 419 779 postquarp
429 708 523 758 adesse
530 724 665 773 reponsum
673 719 712 756 est
720 744 727 762 ‚
736 715 768 756 nt
776 705 939 758 liceretcum

34 776 117 845 stains
130 778 254 849 colloqui
266 781 354 827 oravit.
366 780 427 828 Erat
444 782 464 829 is
477 782 502 829 in
515 784 627 832 exercitu
637 792 808 847 cognomento
818 775 939 828 Flavius.

37 853 135 915 insignis
148 852 208 912 fide,
219 864 244 900 et
255 854 346 901 amisso
358 868 405 916 per
417 854 509 903 vulnus
522 857 596 903 oculo
608 857 695 921 paucis
709 854 766 902 anth
777 850 862 902 sanis.
873 846 939 893 duco

38 926 133 974 Tiberio
148 944 154 972 :
168 937 223 975 tum
233 928 403 991 permissum,
415 942 610 994 progressusque
621 930 745 977 salutatur
755 926 786 974 ab
798 920 917 973 Arminio
929 934 936 964 ἓ

39 1002 84 1062 qui,
94 1001 186 1051 amotis
195 1001 369 1066 stipatoribus,
378 1012 409 1053 nt
417 1006 564 1072 sagittarii
575 1005 730 1073 nostrdpro
740 1000 802 1065 ripd
810 990 940 1059 dispositi

41 1074 221 1131 abscederent,
231 1074 357 1139 postulat3
371 1087 397 1123 et
406 1088 541 1141 postquam
552 1076 674 1143 digressi,
686 1075 756 1126 unde
769 1090 801 1124 so
811 1066 939 1132 desomn-

16 1212 17 1215 ,
40 1155 76 1197 las
88 1146 165 1198 oris?
175 1148 316 1213 interrogat
328 1148 431 1198 fratrem
443 1166 450 1196 ·.
469 1150 513 1199 illu
529 1152 613 1201 locum
625 1162 651 1199 et
668 1150 780 1216 pralium
792 1143 936 1193 referente:

16 1222 17 1227 ’
40 1224 168 1291 quodnam
174 1228 319 1289 proernium
328 1227 486 1291 recepisset?
498 1230 615 1293 exquirit.
626 1229 730 1276 uranu·
741 1229 826 1275 aucta
835 1221 940 1286 stipen-

40 1297 93 1359 dio,
103 1306 227 1369 torquem
238 1306 265 1347 et
277 1314 424 1357 coronam,
438 1300 551 1371 aliaque
563 1301 702 1353 militaria
714 1298 789 1349 dono
797 1297 938 1351 memorat,

40 1370 151 1421 irridente
163 1371 283 1419 Arminio
292 1370 354 1418 vilia
366 1372 463 1419 servitii
475 1375 567 1434 pretia.

64 1445 98 1494 X.
115 1446 184 1494 Exin
203 1443 300 1492 diversi
315 1441 471 1490 ordiuntur:
492 1443 557 1491 uhic
568 1444 768 1507 magnitudinem
783 1447 939 1494 Romanam,

41 1534 93 1581 opes
103 1518 224 1574 Caesaris,
237 1527 263 1563 et
273 1516 347 1563 victis
356 1531 447 1579 graves
455 1532 558 1581 poencs5
571 1519 598 1567 in
610 1516 766 1566 deditionem
776 1514 886 1564 venienti
895 1527 942 1574 ps·
964 1551 967 1558 .

40 1606 110 1640 raram
120 1591 285 1640 clementiam
296 1610 302 1651 5
318 1604 400 1651 neque
415 1589 548 1655 conjugem
560 1602 586 1639 et
597 1592 678 1638 filium
689 1592 743 1651 ejus
754 1588 880 1639 hostiliter
893 1581 943 1629 ha·

40 1662 96 1713 beri.
114 1664 212 1713 illesas
231 1664 334 1733 patriar,
350 1664 494 1711 libertatem
513 1667 625 1724 avitam,
644 1664 779 1730 penetralis
799 1657 940 1709 Germania
967 1684 970 1687 ·

42 1736 109 1796 deos,
122 1751 230 1788 matrem
241 1753 346 1803 precum
359 1737 471 1803 tociam3
486 1736 518 1787 nc
528 1739 746 1805 propinquorum,
759 1748 785 1785 et
799 1732 939 1791 adfinium,

41 1812 141 1881 denique
158 1814 241 1879 gentis
257 1828 306 1861 suae
322 1812 438 1861 desertor
453 1825 479 1861 et
491 1813 624 1879 proditor,
640 1812 716 1879 quim
732 1814 870 1877 imperatur
886 1819 940 1853 ests

16 1924 17 1929 ,
40 1889 121 1936 mallet
129 1905 153 1936 u.
164 1886 290 1959 Paulatim
297 1886 355 1935 indt
364 1886 396 1934 ad
407 1884 487 1952 jurgia
495 1889 622 1968 prolapsp
631 1884 746 1937 cominirs
754 1896 867 1952 pugnam
876 1894 939 1924 ⁰⁰¹¹·

29 1978 159 2028 ¹seruirent,
178 1980 211 2015 ne
228 1963 333 2019 flumine
348 1964 452 2029 quidem
465 1965 599 2031 interjecto
614 1964 813 2014 cohibebantur:
826 1957 939 2009 nister·

16 2060 17 2103 3
40 2040 112 2087 tinius
123 2040 272 2098 adcurrens,
283 2040 387 2103 plenum
398 2040 438 2087 irae
449 2058 577 2112 nmisque
588 2050 616 2093 sl
623 2060 720 2112 equum
727 2047 874 2105 poscentem
884 2031 940 2081 Fla·

16 2104 17 2129 ³
41 2116 105 2162 rium
113 2113 271 2161 attinuisset:
282 2114 527 2163 cernebaturcuntrh
535 2111 869 2167 minitabundnsrhrminius,
877 2120 940 2170 prte-

40 2189 146 2251 liumque
155 2188 309 2246 denuncians
319 2204 391 2236 :nam
402 2188 520 2255 pleraque
529 2191 618 2239 Latino
627 2205 742 2239 sermone
752 2182 939 2249 interjaciebats

16 2266 17 2275 ³
41 2272 66 2308 ut
75 2262 119 2333 qui
128 2263 248 2311 Romanis
259 2264 284 2309 in
297 2264 384 2312 castris
397 2262 487 2311 ductor
496 2260 657 2329 popularium
668 2262 812 2312 meruisset·

16 2378 17 2381 ,
68 2335 115 2381 xl:
131 2334 234 2383 Postero
253 2335 293 2383 die
301 2374 312 2397 ‚
333 2337 520 2403 Germanorum
538 2338 603 2385 ecies
624 2350 694 2385 trans
712 2331 842 2395 Visurgim
851 2326 940 2393 wit·
959 2343 964 2347 ⁴

16 2414 17 2419 ’
43 2408 132 2467 Cesar,
142 2412 193 2475 nisi
203 2410 497 2477 pontibuspraesidiisque
507 2412 647 2473 impositis,
656 2411 718 2457 dare
727 2409 753 2454 in
762 2406 897 2452 discrimen
905 2404 941 2474 lef

42 2487 123 2549 gioncs
134 2485 201 2536 haud
213 2486 406 2555 imperatorium
418 2497 502 2541 ratus,
515 2486 629 2547 equitem
643 2484 709 2529 vado
724 2480 843 2542 tramittit
856 2496 862 2523 ε
874 2494 942 2541 prae-

16 2576 17 2583 *
42 2560 105 2607 lucre
115 2560 257 2628 Stertinius,
267 2574 292 2611 et
302 2560 315 2609 ὲ
325 2576 432 2608 numero
443 2558 640 2625 primipilarium
651 2555 778 2610 AEmilius,
787 2552 943 2602 distantibus

41 2634 100 2682 locis
113 2636 218 2694 invecti,
231 2648 260 2684 ut
272 2636 370 2684 hostem
383 2633 532 2683 diducereut
542 2650 548 2681 ε
560 2630 610 2697 quir
621 2632 769 2681 celerrimus
781 2630 876 2684 amnis,
891 2630 943 2678 Ca·

41 2706 149 2756 riovatdn
162 2709 214 2758 dux
225 2710 376 2759 Batavorum
386 2710 469 2777 erupit
480 2726 487 2757 s
499 2725 557 2758 eum
572 2706 692 2756 Cherusci
700 2706 785 2771 lugam
794 2704 943 2753 simulantes

43 2782 65 2829 in
76 2784 207 2848 planitiem
220 2785 325 2834 saltibus
336 2786 521 2850 circumiectam
537 2783 655 2849 traxdreq
671 2782 731 2835 dein
742 2781 838 2842 coorti,
855 2792 881 2829 et
892 2797 942 2829 un-

36 2854 111 2919 dique
123 2856 197 2907 effusi
208 2857 315 2907 trudunt
331 2859 466 2915 adversos,
480 2859 576 2907 instant
590 2857 754 2917 cedentibus,
768 2854 943 2919 collectosque

42 2928 64 2975 in
73 2932 171 2989 orbem,
181 2948 239 2997 pars
249 2934 385 2997 congressi,
393 2931 495 2997 quidam
504 2928 603 2980 eminirs
612 2931 773 2999 proturbant.
782 2927 946 2989 cartovalda,'

44 3004 82 3055 diu
98 3009 238 3057 sustentatis
250 3009 361 3058 hostium
377 3008 468 3057 saei'itii
477 3046 484 3068 ,
499 3008 615 3057 hortatus
626 3004 684 3057 subs
699 3019 728 3053 ut
740 3008 884 3070 ingruentes
899 3022 943 3053 ca-

43 3091 118 3132 tervas
125 3084 201 3148 globo
209 3082 358 3149 frangerent,
365 3086 502 3149 atqueipse
511 3085 537 3131 in
548 3082 708 3136 densissimus
717 3084 867 3143 irrumpens,
878 3096 943 3126 cun-

43 3159 112 3217 gestis
131 3157 187 3205 telis
200 3158 228 3205 'et
246 3156 350 3206 sullbsso
366 3174 432 3222 equo
449 3160 560 3214 labitur,
581 3172 610 3205 ac
627 3160 702 3237 mrQi
718 3154 842 3204 nobilium
860 3149 941 3197 circi:

43 3243 137 3279 ceteros
151 3233 188 3279 iis
200 3250 255 3293 sua,
268 3244 311 3281 aut
322 3236 418 3298 equitet
428 3250 487 3289 cum
498 3234 618 3294 &titinio
630 3232 781 3307 AEjnllioqtte
790 3224 951 3274 wiltuim·-

43 3315 93 3370 tes,
108 3307 225 3377 periculo
244 3309 371 3381 essurire,⁸
461 3306 485 3315 ”
