2100 3709
119 44 154 99 ²8
436 46 459 88 o.
477 18 577 102 'coum
596 44 711 98 sscsrr

121 149 148 189 et
161 131 272 187 colonius
281 145 359 181 noras
367 148 375 190 3
390 128 538 179 Arminium
551 101 639 193 potius
654 128 741 192 glorie
756 143 784 176 ac
800 126 945 187 libertatis,
959 126 1029 192 qu'aa

120 217 239 278 Segesten
249 206 381 271 ilegitiosre
395 202 525 255 servitutis
535 200 627 251 ducem
637 213 812 266 sequerentur.

152 304 210 354 Lx.
230 298 329 350 Conciti
346 312 396 363 per
408 294 460 343 hnc
477 289 529 343 non
549 294 627 344 model
646 295 783 353 Cherusci,
803 296 848 345 sed
868 286 1029 347 contermina

119 390 209 449 gentes
219 394 224 425 r
237 383 380 435 tractusqqe
388 368 413 417 in
422 370 501 435 partis
510 368 689 433 Inguiomerus
699 367 808 424 Arminii
820 382 942 436 patruus,
951 375 1029 420 reteri

119 452 189 521 apud
199 453 328 501 Romanos
338 444 503 492 auctoritate:
515 441 583 489 unde
590 439 670 506 msjor
682 444 773 491 Caesari
783 456 866 492 metus
879 461 885 491 :
897 455 965 491 etue
975 444 1029 493 bel·

117 527 174 577 lum
188 514 256 576 niole
268 520 317 569 uui
330 518 472 583 ingrueret,
490 516 614 565 Cercinam
630 532 689 564 cum
703 516 870 582 quadraginta
882 516 1029 567 cohortibus

117 600 255 657 Romanis,
271 591 437 643 distrahendo
451 591 534 653 hosti,
551 606 597 656 per
608 591 744 639 Bructeros
756 590 789 639 ad
800 592 895 640 flumen
908 593 1029 643 Amisian

118 678 220 728 mittit:
238 670 349 737 equitem
365 667 435 717 Pedo
452 668 586 735 prefectus
601 667 696 715 finibus
711 669 851 716 Frisiorum
869 652 965 722 ducit}
982 671 1029 735 ipss

123 750 255 816 impositae
275 744 382 794 neribus
399 734 636 809 quatuor'legiones
649 759 695 808 per
711 742 780 790 lacus
798 744 868 790 rexit
883 741 890 789 ὲ
907 744 1029 805 simulqut

121 826 217 895 pedes,
226 836 315 887 eques,
324 819 425 879 classis,
436 816 503 883 apud
511 816 659 886 praedictum
668 832 770 866 amnem
779 816 1029 872 convenenerint

123 916 202 966 quum
216 896 311 946 auxilia
325 892 522 961 pollicerentur,
535 886 561 939 in
574 892 755 939 commilitium
766 890 857 939 adsciti
870 902 938 939 eunt.
956 892 1029 940 Brun·

119 986 188 1025 teros
200 989 243 1021 sua
256 968 365 1025 urentis,
378 965 494 1034 expediti
508 982 567 1014 curn
581 984 658 1017 manu
670 965 700 1017 L.
715 967 865 1026 Stertinius,
877 969 961 1017 nrissn
973 968 1029 1017 Ger.

117 1047 227 1107 manici,
239 1042 319 1106 ludit3
333 1044 448 1106 interque
461 1040 556 1088 caedem
568 1052 594 1089 et
606 1038 716 1105 predam
733 1041 826 1106 reperit
840 1038 1029 1089 undevicesima

118 1120 228 1188 legionis
240 1118 351 1183 aquilam
359 1132 418 1165 cum
427 1114 496 1166 Varo
504 1114 632 1164 amissam.
645 1112 759 1163 Ductum'
767 1113 825 1162 inde
834 1130 925 1178 agmen
931 1114 965 1161 ad
976 1114 1029 1163 ulti·

115 1215 174 1256 mos
192 1198 372 1246 Bructerorum
394 1210 399 1241 r
418 1203 591 1258 quantumque
612 1190 736 1240 Amisiam
755 1201 781 1239 et
800 1188 927 1254 Luppiam
948 1205 1029 1238 amnet

115 1273 193 1337 inter,
208 1282 349 1333 vastatum
363 1266 432 1317 haud
444 1267 533 1335 procul
547 1266 764 1330 Teutoburgiensi
778 1264 859 1323 saltu,
873 1264 967 1328 inquo
979 1263 1029 1313 reti

117 1346 185 1413 quin
194 1346 258 1396 Vari
268 1344 448 1411 legionumque
461 1342 594 1409 insepultre
605 1338 764 1391 dicebantur.
1027 1355 1028 1378 i

154 1439 227 1491 th.
241 1440 323 1506 Igitur
335 1436 430 1504 cupido
441 1438 564 1487 Caesarem
574 1433 673 1485 insedit
685 1430 801 1483 sois‘endi
813 1444 932 1496 suprema
940 1385 1029 1479 militil

116 1515 182 1573 bus,
195 1516 303 1581 ducique
318 1531 324 1563 ι
340 1525 457 1579 permoto
468 1511 501 1559 ad
514 1512 705 1557 miserationem
721 1508 792 1552 omni
803 1507 849 1566 qni
862 1504 953 1553 srlerat
966 1522 1029 1554 exer·

118 1590 188 1650 citu,
201 1592 234 1639 ob
246 1588 415 1651 propinquos,
426 1583 537 1630 amicos,
547 1576 656 1637 denique
665 1576 700 1621 ob
709 1592 781 1625 cesus
789 1576 932 1643 bellorum,
944 1591 975 1627 et
984 1565 1029 1628 sori

117 1673 172 1711 sem
181 1659 324 1705 hominum.
334 1651 467 1702 Premisso
477 1644 587 1701 Coscinii,
599 1657 629 1693 ut
636 1647 738 1697 occulis
747 1648 857 1697 saltuum
867 1641 1029 1704 scrutamini

117 1741 260 1799 pontesque
269 1736 403 1789 etaggeres
415 1716 520 1769 humido
530 1716 653 1784 paludum
666 1732 692 1767 et
703 1721 834 1770 fallacibus
843 1727 941 1787 campis
954 1730 1029 1795 impo,

79 1801 100 1839 b
116 1814 204 1857 neret.
222 1798 344 1849 incedunt
360 1805 463 1844 moestos
482 1794 566 1850 locos,
584 1793 691 1855 risuque
706 1809 735 1842 ac
752 1792 876 1850 memorii
894 1788 1029 1852 deformes'

115 1880 204 1931 Prima
212 1875 274 1925 Vari
285 1865 429 1921 eastra'lato
440 1867 537 1915 ambitu
548 1902 555 1922 ,
569 1877 595 1915 et
608 1865 732 1917 dimensis
744 1868 890 1935 principiis,
902 1876 992 1925 trium
1004 1881 1028 1926 ιθ

119 1953 227 2019 gionnm
240 1962 330 1997 manus
343 1943 504 1993 ostentabant
517 1958 523 1988 z
537 1939 597 1989 dein
613 1942 736 1993 semiruto
749 1944 832 2006 vello,
846 1944 941 1994 humili
958 1950 1025 2003 (0³1⁴

122 2027 209 2075 accisae
225 2022 274 2085 iarn
290 2018 401 2081 reliquie
417 2015 561 2065 consedisse
573 2014 779 2080 intelligebantur
789 2035 795 2064 τ
807 2018 892 2068 medio
902 2028 996 2089 campi
1007 1968 1028 2072 ai

120 2098 209 2150 bentia
222 2112 293 2149 ossa,
310 2104 339 2139 ut
354 2088 484 2155 lugerent,
501 2101 531 2137 ut
542 2091 704 2147 restiterant,
719 2088 823 2156 disjecta
837 2093 878 2140 rel
898 2079 1027 2164 aggerata<

122 2171 271 2233 adiacebant
286 2166 409 2233 fragmina
421 2164 549 2222 telorum,
566 2180 740 2228 equorumque
753 2176 836 2220 artus,
852 2168 928 2215 simul
941 2159 1028 2238 trunci

122 2244 244 2295 arborum
258 2242 366 2291 antefixa
382 2254 441 2298 ora3
459 2239 523 2285 lucis
536 2240 685 2303 propinquis
699 2238 810 2287 barbarre
819 2257 881 2299 arae,
895 2243 967 2306 apud
981 2264 1028 2322 quq

121 2318 257 2374 tribunos,
276 2330 305 2364 ao
322 2314 464 2379 primorum
480 2310 602 2361 ordinum
619 2313 779 2360 centuriones
797 2303 971 2366 mactaverant
995 2339 1001 2368 :

92 2438 94 2445 Α
122 2392 203 2443 cladis
213 2392 266 2454 eius
275 2385 423 2455 superstites
431 2401 545 2451 pugnarn
555 2386 708 2433 a'utrincula
716 2386 795 2451 elapsi
803 2388 964 2448 referebant,
981 2335 1028 2442 «hi

125 2466 247 2516 cecidisse
259 2466 371 2530 legatos3
382 2460 438 2509 illic
452 2466 537 2526 raptas
551 2459 662 2523 aqnilas3
676 2461 787 2523 primum
804 2460 847 2507 nbi
861 2463 956 2511 vulnus
973 2445 1028 2518 Van

124 2540 242 2589 adactum
255 2560 263 2601 3
274 2538 318 2587 ubi
328 2535 423 2583 inleliei
435 2534 522 2583 dextr-ri
535 2569 543 2590 ,
555 2545 581 2578 et
592 2546 641 2579 suo
654 2532 706 2577 ictu
715 2544 825 2580 mortem
834 2537 961 2585 invenerit
972 2561 980 2602 3
994 2523 1028 2605 qul

124 2613 250 2663 tribunali
269 2608 433 2657 concionatus
453 2607 604 2666 Arminius3
625 2607 689 2669 quot
709 2606 821 2671 patibula
838 2609 958 2673 captivis,
986 2631 1027 2681 qm

125 2686 229 2737 scrobes
240 2704 247 2745 3
259 2692 338 2745 utque
352 2679 428 2744 signis
438 2690 464 2725 et
474 2679 565 2743 aquilis
576 2694 621 2743 per
631 2680 776 2745 snperbiam
787 2681 925 2732 illuserit».
940 2674 960 2742 l

158 2776 486 2842 Lxltstgiturttomanus,
496 2774 540 2838 qui
552 2773 651 2831 aderat.
662 2777 800 2834 exercitus,
811 2790 911 2827 sextum
920 2794 982 2845 post
991 2786 1026 2838 οι.

128 2851 168 2903 elis
178 2868 288 2908 annum,
299 2850 378 2898 trium
390 2849 518 2913 legionum
527 2866 583 2899 ossa
592 2888 599 2907 ,
608 2850 680 2900 nullo
689 2861 808 2901 noscente
816 2853 911 2901 alienas
919 2843 1026 2923 reliquii]

128 2944 162 2979 an
174 2941 279 2976 suorum
290 2923 369 2975 humo
382 2935 492 2985 tegeret,
507 2939 596 2973 omnes
612 2924 775 2984 conjunctos,
787 2938 815 2975 ut
827 2933 1026 2994 consanguineos

129 3001 202 3051 aucti
219 3000 244 3047 in
258 2998 358 3049 hostem
369 2996 418 3061 iri,
436 2998 518 3049 moesti
528 2997 603 3047 simul
621 3010 646 3045 et
657 2997 749 3047 lulensi
759 2998 913 3050 condebant.
925 2995 1027 3074 Primuq

128 3070 393 3145 exstruendourmulo
401 3072 522 3137 cespitem
538 3071 618 3123 CaeSar
631 3074 729 3140 posuit,
742 3074 888 3138 gratissimo
901 3093 1005 3128 munere
1014 3081 1027 3128 it

130 3146 279 3202 defunctos.
291 3156 317 3193 et
325 3145 488 3211 praesentibus
497 3145 593 3195 doloris
602 3148 694 3193 socius.
704 3144 781 3206 Quod
788 3148 893 3195 Tiberio
904 3148 969 3198 baud
980 3161 1027 3217 proi

127 3212 234 3280 batum¹
245 3239 289 3271 seu
297 3233 387 3271 cuncta
397 3222 544 3273 Germanici
552 3220 696 3273 indeterias
705 3220 831 3279 trahenti,
841 3224 895 3271 sive
902 3230 1027 3278 exercitius

132 3297 243 3369 imagine
250 3310 372 3349 cesorum
379 3295 615 3365 insepultorumque
626 3294 753 3346 tardorum
763 3295 796 3345 sd
804 3297 904 3362 praelia,
915 3309 942 3345 et
950 3296 1026 3350 sormi
