2100 3709
334 145 519 188 austun.
538 146 605 186 sss.
620 147 677 187 at.
868 171 878 182 x
915 136 965 193 233

48 231 167 284 rnilitum
183 231 365 300 arsdre,magia
377 231 470 300 insigni
478 223 680 299 prodigio‚'quia
689 226 800 282 Partaus
808 228 890 284 hostis
902 236 965 284 mis-

48 307 146 356 ailibus
159 306 217 356 telis
229 304 351 356 decertat.

65 372 70 384 ’
81 377 159 428 VIII.
169 380 286 429 Ceterum
297 377 390 438 Petus,
397 378 488 444 spretis
501 377 648 435 ominibus,
662 393 709 426 nec
720 376 781 426 duur
790 380 849 429 satia
858 380 964 432 firmatis

47 450 245 520 hibernaculis,
262 453 333 501 nullo
353 451 389 499 rei
408 451 578 503 lrumentariae
595 452 719 517 provisu,
739 455 806 518 rapit
826 454 965 503 exercitum

47 537 123 577 trans
135 540 249 578 montem
259 529 382 588 Taurum,
388 528 586 595 reciperandae,
595 522 623 576 u't
634 523 739 588 ferebat,
748 527 966 594 «Tigranocertis,

47 600 234 666 vastandisque
251 600 396 664 regionibus
405 634 412 657 ,
428 615 490 664 quus
502 599 615 648 Corbulo
630 601 740 664 integras
758 602 914 652 omisisset».
933 603 967 651 tte

48 681 128 738 capta
144 673 257 738 quedam
268 673 389 735 castella,
403 673 538 738 gloriaeque
550 683 574 720 et
590 671 678 737 prede
690 673 805 722 nonnihil
817 685 934 741 portum,
944 677 967 726 si

49 758 98 797 aut
112 748 221 812 gloriam
232 763 291 796 cum
310 746 404 804 modo,
419 757 462 795 aut
475 744 585 812 predam
597 761 655 794 cum
667 745 726 794 curi
742 747 880 797 habuisset.
897 750 968 814 Ion·

51 821 160 886 ginquis
172 821 304 869 itineribus
312 818 483 887 percursando
492 855 498 877 ,
508 835 563 884 qua
570 821 681 869 obtineri
690 822 838 886 nequibant,
847 835 969 888 corrupto

53 893 101 958 qui
111 904 201 958 captus
211 905 263 944 erat
271 906 413 942 commeatu
424 899 468 950 ,'et
479 893 588 940 instante
599 892 649 955 iam
657 890 755 954 bieme,
766 893 867 944 reduxit
874 897 969 943 exerci-

58 976 135 1026 tum,
150 967 341 1034 composuitque
360 966 391 1015 arl
404 969 525 1016 linearem
540 966 653 1031 litteras,
665 968 736 1032 quasi
752 967 867 1017 conlecto
884 967 968 1027 bello,

57 1037 147 1090 verbis
159 1039 296 1103 magnificis
308 1075 315 1098 ,
329 1054 415 1088 rerum
433 1054 533 1088 vacuas.
864 1048 874 1065 ·’
904 1049 907 1056 “

12 1117 16 1122 “
96 1111 148 1162 IX.
158 1112 267 1161 Interim
277 1113 390 1162 Corbulo
399 1128 529 1176 nunquam
538 1111 678 1176 neglectam
684 1111 819 1176 Euphratis
826 1114 969 1178 ripamcre-

54 1186 190 1238 hrioribus
203 1185 325 1251 presidiis
339 1184 450 1233 insedit:
462 1196 502 1236 at.
514 1201 547 1232 na
560 1186 634 1249 ponti
644 1184 781 1248 injiciendo
796 1187 969 1252 impedimen·

53 1276 115 1310 rum
133 1258 237 1308 hostiles
248 1271 335 1308 turmae
346 1257 475 1306 adferrent
487 1255 553 1323 (iam
564 1259 631 1305 euim
646 1258 765 1319 subiectis
775 1259 969 1325 eampismagoh

54 1331 141 1398 specie
154 1331 327 1396 volitabant),
343 1346 421 1380 nares
434 1328 608 1395 magnitudine
622 1341 785 1394 prestantes,
801 1345 827 1381 et
842 1346 969 1384 connexus

55 1404 183 1463 trabibus,
194 1420 224 1453 ac
235 1404 347 1472 turribus
358 1416 452 1464 auctas,
461 1404 512 1467 agit
521 1419 567 1468 per
577 1417 691 1462 amnem,
701 1406 884 1470 catapultisqm
893 1420 917 1457 et
924 1409 969 1456 ba.

55 1479 124 1529 listi'a
135 1479 270 1546 proturbat
280 1478 399 1527 barbaros
410 1514 417 1534 ,
431 1478 457 1526 iu
470 1491 534 1540 qnos
543 1492 602 1526 sasa
613 1487 639 1524 et
654 1472 729 1525 hatra
738 1477 838 1541 longius
849 1496 968 1544 per-mea.

55 1552 138 1612 bant,
151 1551 229 1618 qubtn
247 1562 276 1599 ut
292 1551 419 1598 contrario
435 1550 585 1613 sagittarum
603 1549 671 1610 iaetu
686 1548 884 1613 adaequarentur,
903 1553 969 1604 Ileits

54 1641 125 1694 pons
134 1624 310 1688 continuatus3
320 1623 446 1687 collesque
455 1621 558 1672 adversi
568 1638 613 1687 par
625 1624 705 1672 socias
715 1621 847 1680 cohortes,
856 1624 915 1690 pdst
926 1627 965 1676 le-

56 1699 165 1768 giouum
177 1698 265 1747 castris
283 1708 453 1762 occupantur,
471 1695 541 1746 tanti
554 1696 683 1746 celeritate
695 1709 720 1746 et
739 1700 908 1751 ostentatione
926 1700 969 1748 ul·

56 1771 143 1828 sium,
154 1781 184 1819 ut
199 1769 300 1828 Parthi,
311 1771 405 1842 ontisso
417 1781 509 1838 parsttt
519 1767 668 1821 invadenda
677 1770 769 1838 Syrie,
781 1786 852 1837 spem
865 1787 968 1826 ornnem

59 1843 88 1894 in
99 1841 248 1894 Armeniam
260 1856 398 1897 verterent.
704 1896 705 1900 ,

100 1916 138 1966 Χ.
157 1916 196 1965 lbi
208 1916 302 1973 Paetus.
316 1915 501 1968 imminentium
512 1917 627 1976 nescius,
639 1918 754 1982 quintam
770 1916 898 1984 legionem
907 1931 971 1982 pro-

62 1991 108 2040 cul
120 1989 147 2038 in
158 1990 240 2040 Ponto
250 1991 373 2056 babebus3
382 1991 491 2056 reliquas
500 1996 650 2059 promiscuis
661 1994 773 2042 militum
786 1991 971 2042 commeatibus

65 2061 252 2129 infirtnaverat5
264 2063 359 2126 donec,
372 2064 508 2113 adventare
519 2065 662 2130 Vologesen
674 2080 766 2128 magno
777 2076 803 2113 at
812 2065 909 2113 infenso
921 2078 970 2128 ag·

64 2134 281 2193 mine,auditum.
294 2134 398 2185 Accitur
411 2135 477 2198 legio
489 2135 653 2195 duodecima,
665 2149 703 2195 at,
718 2136 786 2184 rrnde
799 2134 892 2186 lauram
904 2136 971 2189 aucti

39 2265 42 2272 f
65 2205 971 2274 exercitdssperaverat,proditainlrequentiarqudtamenretinericaa·
1014 2228 1017 2242 r

67 2293 120 2346 tra,
130 2292 155 2329 et
165 2279 234 2329 eludi
242 2280 353 2347 Parthus
367 2291 447 2328 tractu
458 2279 521 2328 belli
529 2291 644 2344 poterat,
655 2282 677 2328 si
686 2277 753 2327 Paeto
761 2292 805 2329 aut
814 2280 842 2328 in
852 2283 904 2329 auis
912 2317 919 2338 ,
927 2293 973 2333 aut

65 2356 93 2404 iu
103 2355 189 2404 alienia
200 2353 313 2403 consiliis
324 2355 464 2402 constantia
477 2349 575 2400 luisset.
585 2352 683 2402 Verium
698 2352 740 2400 ubi
754 2351 839 2400 hairia
853 2353 971 2404 militari*

62 2428 113 2478 bus
125 2427 245 2476 advertus
256 2436 373 2490 urgentes
384 2441 456 2473 casua
465 2425 578 2473 firmatus
589 2436 652 2482 erat,
665 2440 765 2483 rursus,
777 2441 810 2474 ue
821 2425 907 2473 alienre
917 2444 961 2475 sen

46 2501 148 2552 'tentia
160 2503 276 2572 indigens
292 2498 434 2556 rideretur,
450 2499 477 2546 in
495 2497 596 2548 diuersa
610 2514 640 2546 ac
657 2495 781 2544 deteriora
794 2498 925 2546 transibat.
939 2500 973 2549 Es

64 2588 126 2626 tunc
139 2573 231 2625 relictis
242 2571 369 2628 hibernis,
387 2585 460 2621 anon
474 2567 568 2620 t'ossam
579 2583 660 2633 neque
670 2567 767 2616 vallum
779 2568 839 2625 sibi,
852 2568 897 2617 sed
912 2586 973 2620 cor·-

63 2662 127 2713 pora
142 2657 168 2693 et
185 2659 254 2692 arma
271 2645 297 2691 in
308 2643 406 2692 hostem
420 2640 501 2693 datan
515 2639 748 2702 clamitaua,dusit
760 2641 871 2706 legiones
881 2677 889 2700 ,
901 2645 973 2707 quasi

63 2717 151 2788 prelio
162 2728 311 2766 certaturus.
321 2714 433 2777 Deinde,
443 2715 536 2766 amisso
543 2716 692 2766 centurione
702 2726 729 2765 et
738 2717 826 2781 paucis
832 2715 972 2784 militibus,

63 2808 129 2858 quoa
140 2790 250 2840 visendIa
262 2789 374 2840 hostirun
390 2790 470 2856 copiis
483 2791 654 2858 premiserat,
669 2788 782 2854 trepidus
796 2793 929 2840 remearit.
940 2791 974 2841 llt

65 2868 125 2933 quia
137 2863 222 2915 minias
233 2866 323 2913 acriter
332 2865 469 2930 Vologeses
479 2866 619 2932 institerat,
635 2864 700 2916 vend
711 2871 798 2913 rursus
807 2864 897 2914 fiducii
907 2902 914 2920 ,
924 2866 973 2914 tria

65 2939 145 2991 millia
156 2933 250 2987 'delati
258 2938 351 3004 peditis
358 2932 475 3006 proximo
484 2939 562 2989 Tauri
573 2940 631 3006 iugo
642 2939 772 3007 imposuit,
778 2938 828 3007 qu'o
839 2940 973 2992 transitum

67 3014 135 3080 aegis
145 3024 268 3069 arcerent.
278 3013 364 3062 Alares
371 3011 634 3080 quoquePanncnios‚
642 3011 851 3080 roburequitatils
859 3049 864 3066 ,
871 3014 974 3076 inparte

68 3089 151 3153 campi
161 3088 234 3138 locat.
248 3087 346 3150 Coniux
356 3104 384 3136 ae
395 3088 461 3137 lilius
471 3091 587 3147 castello,
597 3090 639 3139 cui
649 3089 810 3139 Arsamosata
819 3103 910 3134 nomen
919 3099 972 3146 eat,

68 3161 162 3219 abditi,
172 3160 230 3212 dart
240 3162 266 3211 in
277 3161 423 3228 presidium
431 3162 553 3225 cohorte,
565 3181 595 3214 ac
603 3163 717 3228 disperso
726 3163 806 3212 milite
815 3194 822 3216 ‚
831 3163 875 3223 qui
884 3161 910 3206 in
921 3179 973 3210 uuo

68 3236 178 3298 habitus,
189 3235 385 3307 vagumhoste'm
394 3235 743 3301 promptiirssnstentayirset:
753 3246 779 3282 et
785 3232 848 3294 agris
857 3237 974 3298 compul-

70 3323 126 3362 snm
138 3307 234 3366 lerunt,
249 3321 278 3360 ut
295 3309 432 3358 instantem
443 3309 581 3359 Corbuloni
592 3309 712 3358 fateretur
723 3304 814 3358 :neeri
827 3306 973 3357 corhulene

71 3393 247 3455 properatum,
260 3381 320 3451 qub,
328 3381 627 3472 glucentibuapericulie,
637 3383 713 3432 etiam
722 3377 829 3447 aubaldii
837 3379 975 3448 lausaugas,
