2100 3709
346 34 529 112 transfusa
551 75 614 111 nra.
635 73 678 112 vs.
915 75 963 130 ¹29

48 146 174 209 Minatius
181 165 211 204 et
219 154 334 206 Servatus
343 154 467 218 damnati,
478 155 606 207 indicibus
617 152 751 204 accessere.
760 151 895 218 Tractiqne
903 167 963 204 sunt

48 227 72 274 in
82 243 171 277 casum
184 227 404 287 eumdemlulius
412 228 546 277 Africanus
557 228 585 287 ,ὲ
594 229 642 277 San
647 229 724 286 tonia,
738 221 834 278 Gallica
844 229 960 288 civitate,

48 301 115 365 Seius
131 302 289 368 Quadratus
303 319 310 351 s
323 303 448 367 crigipem
462 319 514 351 non
532 305 624 368 reperi.
641 302 729 367 Neque
746 317 802 350 aum
816 301 961 364 ignarus,d

46 374 172 439 plerisque
185 374 357 440 scriptoribus
369 377 463 424 omisaa
474 375 615 424 multorum
626 374 740 442 pericula
751 384 777 422 et
786 389 858 438 poena
884 373 960 432 ,dum
1009 397 1011 403 Α

48 452 117 516 eopia
128 452 274 513 fatiscunt,
288 463 344 514 sut,
359 469 413 518 qne
425 455 488 521 ipsis
499 454 579 504 nimia
593 465 618 502 et
632 463 720 504 moeste
732 453 847 516 fuerant,
859 468 890 500 ne
905 453 960 516 peri

48 524 117 575 tedio
130 528 255 576 lecturos
267 525 420 584 adiicerent,
436 539 567 576 verentur.
584 525 664 575 Nobis
677 525 797 590 pleraque
813 522 888 588 digna
900 538 962 588 cog-

48 599 99 648 nitu
110 599 250 648 obvendre
260 635 267 656 ‚
278 615 422 666 quanquam
436 601 467 648 ab
481 602 537 650 aliis
549 600 711 651 incelebrata.

75 671 150 722 vttt.
165 672 242 721 Nam
253 671 282 721 ed
297 683 462 738 tempestate,
476 673 526 738 qud
542 673 623 739 Sejani
639 672 779 722 amicitiam
795 672 871 730 ceteri
887 669 953 719 falso

49 757 181 795 exsecrant
193 782 200 805 ,
210 761 290 794 ausus
302 757 343 796 est
354 759 431 808 eques
445 746 575 795 Romanus
590 745 627 796 Μ.
636 744 784 803 Terentius,
798 744 836 800 ob,
847 744 871 792 id
885 761 960 809 reus,
989 734 996 748 ‘

47 821 179 887 amplecti,
194 819 231 868 ad
247 821 313 870 hunc
323 818 430 868 modum
444 819 512 888 apud
525 813 639 870 senatum
651 819 774 870 ordiendo
790 837 796 867 ε
814 837 828 866 (ι
837 819 957 868 Fortunas

48 890 145 953 qaridem
158 907 227 939 meae
239 890 346 942 fortasse
360 889 446 941 nrinr'rs
462 891 580 958 expediet
594 893 747 959 adgnoscere
759 892 869 950 crimen,
882 890 961 956 quim

47 964 152 1012 abnuere
164 983 171 1012 ι
183 964 234 1014 sed
245 976 383 1030 utcumque
392 980 479 1014 casura
490 982 531 1014 res
542 979 596 1026 est,
606 966 704 1018 fatebor
712 985 724 1026 ,·
732 977 759 1014 et
772 964 849 1014 fuisse
860 982 901 1014 ma
912 965 961 1013 Se·

47 1035 100 1096 iano
110 1039 246 1097 amicum,
256 1049 283 1086 et
294 1049 322 1086 ut
333 1052 414 1088 asem
425 1039 567 1104 expetisse,
577 1053 603 1090 et
613 1051 747 1107 postquam
759 1037 866 1104 adeptus
876 1053 961 1096 erum,

48 1109 162 1159 letatum.
169 1109 300 1163 videram
308 1112 434 1175 collegam
442 1113 529 1176 patris,
538 1113 657 1179 regendis
665 1111 788 1178 praetoriis
796 1109 958 1176 cohortibus,

47 1198 102 1230 mox
111 1183 185 1232 urbis
196 1194 228 1232 et
239 1184 337 1245 militiae
348 1182 436 1241 munia
447 1184 524 1232 simul
537 1187 675 1234 obeuntem
687 1203 692 1233 ε
705 1185 773 1233 illius
785 1184 919 1250 propinqui
933 1192 961 1230 et

48 1254 137 1304 adfines
144 1255 295 1306 honoribus
306 1256 462 1320 augebantur
473 1275 479 1304 τ
491 1260 636 1324 utquisque
648 1257 736 1322 Seiano
747 1259 868 1314 intimus,
880 1257 914 1304 ita
926 1255 960 1305 ad

50 1325 146 1379 casaria
154 1329 303 1380 amicitiam
311 1327 412 1379 validus
422 1347 428 1377 :
438 1329 527 1380 contrd
537 1331 629 1394 quibus
638 1330 749 1380 inlensus
759 1343 839 1390 esset,
850 1343 919 1379 metu
928 1346 959 1384 ¹ac

48 1399 157 1452 sordibus
166 1403 390 1452 conflictabantur
398 1412 617 1465 :necquemqsrem
628 1397 743 1467 exemplo
754 1401 859 1450 adsumo
869 1419 874 1449 :
884 1417 962 1449 cunc-

11 1472 12 1533 ]
51 1482 96 1532 ²⁰⁸,
106 1476 298 1539 quinmtasimt
307 1475 408 1524 consilii
416 1488 530 1540 expertes
542 1473 651 1532 luimus,
663 1491 721 1523 meo
729 1475 804 1523 unius
815 1474 959 1522 discrimine

11 1548 12 1566 ¹
51 1543 188 1600 delendam.
200 1551 264 1600 Non
274 1550 342 1615 eu‘m
351 1548 470 1611 Seianum
476 1548 674 1612 Vulsiniensem,
685 1547 729 1596 sed
738 1546 845 1596 Clandiae
855 1557 880 1594 et
890 1546 960 1596 tutta

51 1617 132 1672 domus
138 1637 261 1690 partem,
274 1639 336 1689 quaa
347 1623 476 1673 adfinitate
485 1634 667 1689 occupaverat,
677 1634 763 1679 tuum,
776 1621 869 1676 Cesar,
881 1635 960 1684 gene·

50 1706 99 1744 rum
104 1733 114 1756 ,
125 1699 165 1746 tui
173 1695 326 1748 consulatds
336 1698 448 1761 socium,
458 1699 503 1747 tus
512 1696 591 1746 officia
599 1697 625 1745 in
633 1695 761 1763 republica
771 1705 957 1760 capessentem,

52 1768 200 1822 colebamus.
213 1773 274 1820 Non
285 1783 324 1820 est
337 1783 454 1821 nostrum
466 1764 605 1834 aestimare,
621 1788 696 1838 quern
714 1787 789 1838 srspra
804 1780 912 1830 ceteros,
931 1777 959 1820 ct

11 1828 13 1911 l
52 1841 132 1901 quibus
146 1843 179 1893 de
190 1846 276 1894 causis
288 1847 401 1895 extollas.
414 1845 475 1895 Tibi
488 1862 617 1896 summum
632 1860 716 1894 rerum
731 1843 853 1907 iudicium
864 1841 900 1889 dii
913 1840 958 1889 de·

12 1914 13 1963 l
53 1910 104 1962 ‹llre
116 1933 123 1964 r
136 1919 213 1967 nobis
228 1919 345 1983 obsequii
360 1921 439 1985 gloria
457 1921 546 1970 relicta
560 1931 607 1968 est.
625 1919 771 1986 spectamus
788 1931 885 1982 porro,
902 1931 956 1980 qnae

51 1985 128 2036 crr‘am
143 1989 286 2055 habentur,
303 1994 387 2042 caries
400 2005 424 2041 te
436 2008 512 2060 opes,
525 1994 647 2054 honores,
660 1993 715 2058 qnia
726 1991 836 2059 plurima
849 1987 957 2060 jurandi

12 2068 13 2099 1
55 2063 190 2113 nocendive
200 2069 326 2133 potentia:
337 2083 391 2130 que
400 2066 490 2129 Seiano
500 2065 591 2126 luisse„
603 2082 678 2116 nemo
690 2057 818 2132 negaverit
829 2083 834 2112 :
850 2064 954 2113 abditos

12 2198 13 2203 1
54 2134 168 2202 principis
178 2153 283 2196 sensus,
295 2150 321 2187 et
330 2140 350 2186 si
359 2137 420 2201 quid
429 2140 555 2188 occultius
563 2153 650 2204 parat,
663 2141 809 2203 exquirere,
820 2139 938 2186 illicitum
949 2169 956 2192 ‚

54 2217 138 2271 mteps
149 2227 156 2256 r
167 2227 215 2260 nec
229 2210 288 2260 ideo
299 2210 447 2275 adaequare.
458 2212 497 2260 Nc
507 2247 513 2269 ‚
524 2224 608 2276 patres
622 2213 769 2276 conscripti,
782 2211 901 2258 ultimum
913 2209 956 2261 Se·

12 2248 18 2313 l
53 2273 99 2336 jani
107 2279 189 2342 diem,
202 2284 249 2333 sed
262 2282 373 2334 sedecim
385 2299 464 2333 annos
475 2285 648 2351 cogitaveritis
657 2285 749 2350 :petiam
759 2283 869 2332 Satrium
880 2293 955 2347 atque

12 2354 13 2373 l
53 2347 216 2418 Pomponium
225 2359 409 2406 venerabamur
420 2376 425 2405 :
435 2355 641 2423 libertisquoque
650 2376 678 2406 ac
689 2358 835 2422 janitoribus
845 2355 899 2420 ejus
908 2373 957 2404 no-

14 2425 19 2459 t
56 2428 155 2483 lettere,
169 2445 217 2492 pro
228 2430 365 2495 magnifico
374 2431 639 2494 accipiebatueruid
651 2440 728 2494 ergo?
746 2427 891 2480 indistincta
904 2427 955 2475 lraec

13 2521 16 2536 ·
55 2490 157 2548 delensis
167 2513 195 2550 et
206 2504 351 2568 promiscua
363 2499 484 2550 dabitur?
496 2503 577 2550 immo
589 2502 662 2564 justis
673 2501 790 2550 terminis
805 2500 931 2562 (lividatur
947 2516 954 2548 a

13 2578 19 2639 t,
55 2566 553 2643 insidiainrepublicam‚consiliassedia
568 2573 702 2625 adversim
711 2575 901 2640 imperatorem,
911 2588 956 2638 pu-

13 2683 17 2694 ,
56 2642 167 2696 riantur-2
180 2651 211 2701 de
227 2652 341 2702 amicitia
352 2663 378 2700 et
395 2653 482 2703 ciliciis
499 2652 568 2702 idem
582 2651 638 2702 finis
654 2663 680 2700 et
697 2659 739 2715 te,
756 2652 852 2710 Cacsar,
869 2661 894 2700 et
908 2663 955 2698 nos

13 2726 16 2758 t
55 2714 217 2786 absolverit-n.
364 2724 366 2728 ’
900 2783 903 2788 Δ

85 2787 130 2841 lX.
143 2795 292 2849 Constantia
308 2793 446 2860 cretionis,
459 2811 485 2848 et
499 2801 557 2863 quia
573 2812 689 2868 repertus
704 2810 770 2861 erat,
782 2799 826 2864 qui
838 2794 953 2856 efferret,

13 2880 14 2927 t
56 2875 104 2941 quar
116 2881 204 2918 omnes
218 2874 303 2921 animo
318 2875 462 2938 agitabant,
479 2873 509 2921 ed
521 2887 600 2935 usque
615 2875 737 2938 potuere,
753 2885 782 2922 ut
796 2885 954 2923 recusatores

13 2942 14 2957 ¹
57 2948 117 2994 etus,
126 2941 219 2992 additis
226 2963 279 3010 quse
287 2960 348 2997 ante
354 2946 511 3012 deliquerant
518 2981 527 3004 ,
535 2947 623 2996 exsilio
633 2959 677 2996 aut
684 2958 767 3000 morte
775 2947 951 2996 multarentur.

59 3001 144 3060 Secum
150 3013 439 3070 dehincTiberiilitterae
447 3020 692 3082 iuSex.Vestilium‚
702 3021 861 3088 praetorium,
872 3033 948 3083 quem

13 3076 17 3119 l
58 3072 133 3132 ¹3er
142 3086 213 3138 fratri
221 3109 367 3157 percarum,
380 3097 406 3144 iu
415 3095 547 3144 cohortem
559 3113 630 3144 suam
640 3097 803 3144 transtulerat
812 3112 817 3142 ε
826 3109 900 3142 causa
912 3087 955 3137 ol·

60 3147 171 3238 stationis
178 3165 287 3216 Vectilio
297 3165 361 3218 iuit‘:
371 3185 415 3217 seu
426 3160 605 3237 composuerat
615 3170 728 3233 quadam
739 3171 764 3215 in
774 3171 804 3216 c.
816 3169 955 3221 Gaesarem,

61 3237 84 3307 ⁸1¹¹
95 3236 246 3311 tmpudicurn
253 3279 260 3303 ,
271 3247 322 3292 sire
335 3244 394 3292 ficto
403 3243 488 3294 habita
497 3244 560 3291 fides
572 3261 577 3290 :
590 3254 663 3307 atque
674 3245 706 3292 ob
718 3244 742 3292 id
754 3242 872 3290 convictu
881 3239 954 3310 paitr-

13 3346 15 3369 ς
60 3312 116 3366 ωΡΙΙ
124 3310 281 3376 prohibitus,
293 3309 458 3383 quarm’senili
468 3335 545 3368 manu
557 3313 652 3367 lerrum
664 3317 822 3369 tentavisset,
832 3310 955 3375 obtigerit
