2100 3709
113 60 163 113 556
424 66 452 104 θ.
474 64 567 104 flou.
585 61 701 107 ἱᾹΙΠῘ

36 132 51 151 ’
113 152 231 205 dloesism
241 146 532 213 obtinens,ninnpmtt
545 145 642 202 statui,
658 146 764 197 Fulvius
780 146 923 203 Aurelius.
944 156 979 196 et
996 143 1040 194 fui

113 226 198 275 finnus
205 224 302 283 Titius,
312 239 342 271 ec
348 220 482 271 Numisius
490 218 593 285 Lupus,
604 221 681 287 legati
691 222 832 286 legionum,
844 220 1035 271 consularibus

108 295 431 349 'ornamentis‘donnntur't
444 294 502 341 leto
514 293 629 350 Othone,
646 306 672 341 et
684 295 790 358 glorium
808 296 833 343 in
850 310 877 343 se
891 295 1035 346 trahente,

116 384 257 434 «tanquam
268 380 294 420 et
303 369 355 433 ipse
365 367 427 415 felix
440 366 523 428 hello,
536 376 562 413 et
572 366 624 415 suis
636 364 743 415 ducibus
755 369 855 432 suisque
873 370 1034 417 exercitibnr

113 444 296 508 rempublicam
310 442 452 489 nuxiststn.

146 516 255 566 LXXX.
263 515 343 563 Petro
352 513 454 562 interim
462 510 545 575 initio,
553 508 620 559 unde
629 508 693 560 nihil
701 505 845 574 timebatur,
856 524 918 561 orta
927 510 1034 569 ceditis,

108 589 192 657 propi
204 588 261 636 urbi
272 585 372 636 excidio
382 585 440 633 fuit.
460 582 726 649 Septimnmdeoimnm
739 584 883 640 cohortem,
897 584 913 632 ὲ
928 585 1032 633 colonil

113 664 238 720 Ostiensi,
247 663 274 711 in
283 661 372 709 urbem
380 660 456 707 scciri
466 655 536 707 Otho
545 657 652 721 iusserat
662 676 668 707 ι
677 658 800 707 srmsndae
811 658 866 723 ejus
876 674 944 708 curn
955 660 1031 709 Vario

113 739 248 804 Crispino,
262 735 365 783 tribuno
379 734 394 781 e
410 732 585 800 pretorianis,
602 730 669 782 dntn.
688 733 714 782 Is
723 772 731 795 ,
747 737 798 797 qno
814 735 898 797 magis
915 726 1031 790 vncuus,

113 813 206 877 quietis
219 810 323 864 castris,
333 806 400 869 joses
413 818 606 869 exsequeretur,
616 805 734 861 ,vehicula
746 805 873 864 cohortis,
886 806 1031 873 incipiente

114 898 206 948 nocte,
220 882 336 941 onereri,
351 891 441 946 sperto
452 879 663 937 armamentario,
674 878 747 941 iubet
760 896 767 928 e
778 890 880 945 tempus
894 880 922 927 iit
942 882 1030 945 suspi-

113 960 215 1017 cionem
225 976 233 1022 3
244 972 317 1003 musa
328 956 353 1003 in
363 956 458 1002 crimen
467 973 474 1016 ς
485 951 610 1000 affectatio
620 951 713 1015 qnietis
723 954 748 1001 in
760 952 903 1001 tumultum
911 954 1029 1002 evaluit:

114 1032 201 1081 etriss
210 1030 276 1077 inter
286 1027 442 1076 temulentos
453 1041 522 1073 erma
534 1024 679 1089 cupidinem
691 1026 730 1073 sui
741 1040 854 1075 morere.
866 1026 973 1075 Fremit
984 1029 1030 1074 mi·

113 1102 165 1158 les,
177 1112 202 1149 et
212 1099 327 1149 tribunos
335 1099 545 1159 centurionesque
558 1097 755 1162 «proditioniso
767 1100 867 1164 nrgnit3
881 1108 1029 1162 «tanquam

115 1167 214 1225 fsmilie
220 1185 367 1225 serstorum
376 1171 407 1221 nd
413 1172 552 1238 perniciem
558 1170 666 1221 Othonis
673 1184 830 1221 armarentur
837 1188 866 1221 n:
876 1188 942 1238 pars
952 1172 1029 1237 ignari

114 1260 142 1299 et
150 1250 210 1297 rino
221 1262 325 1313 ὅτινας
336 1243 576 1310 possimusquisque
586 1245 611 1293 in
622 1246 778 1295 occasionem
790 1244 940 1309 praednrum
953 1265 960 1292 ε
973 1244 1028 1292 rul-

115 1338 162 1388 με
170 1358 177 1382 ,
185 1334 216 1371 ut
223 1338 279 1371 mor
292 1331 342 1380 est,
354 1318 534 1382 cuiuscumque
546 1316 631 1367 motds
640 1318 700 1367 nori
713 1318 848 1384 cupidum:
864 1330 891 1367 et
904 1318 1028 1383 obsequis

114 1398 250 1448 meliorum
260 1412 311 1444 nox
321 1394 467 1442 abstulerat.
478 1392 647 1441 Resistentem
657 1390 775 1441 seditioni
783 1391 920 1443 tribunum
932 1429 939 1451 ,
952 1404 979 1441 et
989 1408 1027 1439 se-

115 1472 257 1522 verissimos
267 1468 448 1518 centurionum
460 1466 631 1516 obtrrmcnnt:
647 1478 718 1531 reptt
730 1482 813 1527 arms,
823 1464 918 1513 nudati
933 1465 1025 1531 gladii,
1039 1484 1040 1537 j

115 1543 254 1594 insidentes
266 1542 337 1605 equis
347 1540 437 1587 urbem
446 1554 476 1586 ec
486 1540 608 1603 pelusium
622 1550 721 1603 petunt.
1039 1556 1040 1561 ¹

147 1614 271 1665 mxl.
283 1614 344 1661 Erst
355 1608 452 1657 Othoni
464 1609 564 1657 celebre
578 1611 743 1674 convivium,
756 1612 913 1675 primoribus
926 1610 1026 1659 feiitinis

114 1688 239 1751 virisque3
248 1684 290 1747 qui
301 1682 407 1747 trepidi,
415 1679 566 1731 fortuitusne
577 1683 687 1732 militum
698 1684 785 1742 furor,
795 1702 827 1733 sn
836 1684 902 1732 dolie
911 1686 1026 1750 impera-

116 1762 192 1818 toris,
205 1772 306 1806 manere
317 1771 346 1803 sc
357 1751 526 1819 deprehendi,
541 1772 572 1804 en
583 1755 668 1819 fugere
677 1765 702 1801 et
719 1752 845 1821 dispergi,
857 1758 1026 1823 periculosius

114 1833 181 1883 foret
187 1853 197 1895 3
206 1828 283 1881 modii
293 1827 461 1878 constentism
469 1827 599 1886 simulare,
607 1824 685 1877 modd
693 1825 830 1879 formidine
841 1829 924 1895 detegi
934 1868 942 1893 ,
951 1829 1025 1879 simul

114 1906 224 1955 Othonis
235 1903 334 1950 ruitum
347 1899 440 1948 intueri
452 1916 456 1945 :
468 1910 547 1961 sitque
557 1900 656 1956 evenit,
668 1898 797 1948 inclinatis
808 1901 842 1949 nd
851 1904 1024 1967 suspicionem

114 1976 254 2033 mentibus,
265 1988 343 2040 quum
352 1974 453 2020 timeret
461 1970 545 2035 Otho,
555 1972 699 2021 timebstur.
709 1970 759 2021 Sed
770 1964 923 2023 hnud'seeus
934 1976 1024 2027 discri-

113 2048 183 2104 mine
194 2046 305 2105 senseris,
320 2045 397 2111 quim
409 2062 456 2095 suo
470 2046 584 2105 territus,
596 2057 621 2095 et
630 2046 759 2111 prefectos
767 2049 877 2112 pretorii
886 2084 893 2109 ,
903 2049 943 2095 nd
956 2052 1024 2099 miti·

113 2123 329 2190 gsndnsmilitum
341 2122 391 2171 ires
402 2122 488 2171 stetim
498 2122 619 2179 miseret,
634 2132 661 2169 et
675 2120 766 2171 «obire
781 2122 890 2187 propere
906 2124 1023 2174 omnesi

114 2197 256 2245 convivio»
266 2196 346 2258 jussit.
358 2196 424 2243 Tum
434 2192 495 2243 rerd
503 2195 595 2264 passim
607 2195 774 2259 magistratus,
786 2195 906 2259 proiectis
914 2196 1022 2264 insigni·
1036 2184 1039 2215 ¹

112 2270 177 2327 bus,
190 2269 269 2316 rituti
284 2269 409 2317 comitum
426 2278 451 2315 et
464 2282 596 2315 servornm
607 2265 762 2331 frequentii,
781 2268 1022 2337 seneefeminrequs,

112 2359 158 2409 per
171 2342 302 2405 tenebras,
318 2342 416 2390 diverse
426 2338 498 2389 urbis
509 2340 600 2389 itinere¹
610 2374 618 2399 ,
630 2342 679 2388 ruri
690 2338 795 2398 domos,
809 2342 914 2406 plurimi
926 2347 1022 2393 amico-

112 2435 171 2468 rum
189 2423 273 2478 tecta,
292 2429 333 2476 et,
352 2430 381 2467 ut
395 2417 485 2481 cuique
500 2414 661 2467 humillimus
675 2416 753 2466 cliens
766 2452 772 2474 ‚
785 2416 895 2466 'tricentos
912 2418 1021 2468 latebras

131 2490 231 2542 etirdre.

111 2508 280 2613 P‘LXXXIL
292 2564 406 2613 Militum
418 2565 567 2631 impetnsne
576 2563 670 2614 foribus
679 2564 781 2628 quidem
790 2564 876 2631 pnlctii
887 2566 1020 2622 coercitus,

111 2634 248 2699 quomiuiss
259 2638 404 2685 convivium
415 2638 600 2702 irrumperent,
617 2639 738 2687 contendi
751 2638 799 2688 tibi
810 2636 965 2689 Othonem»
978 2651 1021 2689 ese

109 2709 285 2773 postulantes:
299 2711 434 2761 vulnerato
452 2711 520 2761 tutto
531 2712 670 2773 Martiale,
684 2712 787 2761 tribuno
795 2749 802 2772 ,
819 2724 844 2760 et
857 2713 967 2761 Vitellio
980 2714 1020 2763 St·

91 2780 233 2840 turnino,
253 2779 371 2853 prefecto
388 2784 509 2849 legionis,
522 2783 584 2833 dum
599 2784 730 2841 ruentibur
748 2784 882 2833 obsistunt.
901 2785 1021 2851 Undique

113 2866 183 2899 erma
195 2854 319 2913 etminae,
333 2856 411 2906 modo
422 2859 448 2906 in
459 2859 621 2911 centuriones
632 2860 810 2923 tribunosque,
820 2856 899 2907 modis
909 2860 937 2906 in
949 2876 1020 2909 sena·

113 2932 168 2970 tum
180 2923 327 2974 universum
337 2942 343 2973 :
353 2926 493 2993 lymphetis
500 2946 564 2977 creec
573 2945 666 2995 pnrors
674 2931 780 2993 animis,
791 2940 816 2982 et
823 2929 880 2994 quin
890 2934 1019 2982 neminem

114 3010 194 3041 unum
207 2994 392 3047 destinareirn
406 3012 524 3065 poterent
535 3038 542 3064 ,
555 3003 683 3051 licentiam
697 3005 723 3053 in
737 3019 824 3053 omnes
841 3005 1017 3069 poscentibus:

115 3063 196 3115 donec
212 3068 293 3130 Otito,
305 3072 485 3134 contrsxdecus
496 3075 612 3141 imperii,
632 3076 705 3127 th'oro
723 3078 854 3134 insistens,
868 3064 988 3141 precibus
998 3090 1017 3127 et

113 3138 234 3209 lacrymis
244 3145 306 3210 egr'e
315 3146 432 3207 cohibuit
445 3168 451 3197 t
464 3148 643 3215 redimuntque
656 3152 772 3202 innostra
786 3150 874 3223 inepti,
890 3166 973 3216 neque
983 3154 1016 3202 in·

114 3228 243 3264 nocentes.
259 3219 362 3269 Posteri
379 3220 420 3277 die
433 3258 439 3278 ,
453 3222 522 3283 reiut
541 3224 613 3287 osptd
628 3225 707 3283 urhe,
722 3226 810 3274 clausae
828 3225 920 3273 domus
931 3262 938 3284 ,
950 3242 1014 3275 rarus

46 3328 50 3341 ·
112 3289 218 3349 P‘t'v‘tss
228 3292 455 3366 populummoestn
464 3295 650 3363 plehs5deiecti
660 3299 686 3348 in
696 3310 791 3353 terrem
800 3299 913 3352 militurn
923 3301 1013 3367 rullus,
