2100 3709
99 84 150 152 ⁵9⁰
422 95 447 132 c.
466 96 562 132 cona.
581 93 694 134 nactas

102 173 278 228 amoenissimis
288 186 359 226 extra
369 175 461 227 urbem
472 177 580 227 adificiis
588 197 603 226 n
617 178 701 241 jubet3
718 179 741 228 si
754 177 848 231 damno
857 197 949 231 rerum
960 197 1025 232 sua·
1038 199 1039 202 ¹

101 270 158 301 rum
175 252 356 300 Cremonenses
370 250 401 298 ad
417 251 565 300 mutandam
579 253 655 302 fidem
671 253 846 304 traherentur:
868 258 1018 322 propinqua

104 328 186 376 muris
196 336 279 385 tecta,
293 337 319 373 et
329 324 489 374 altitudinem
503 327 626 374 moenium
640 342 738 390 egressa
745 367 753 389 ,
770 328 910 394 fortissimo
920 346 1021 394 qnoque
1038 349 1039 402 q

104 401 215 448 militum
225 400 353 464 complet:
364 398 401 448 iili
411 399 524 449 trabibus
533 436 540 459 ,
553 401 709 466 tegulisque,
719 412 745 450 et
755 400 852 451 facibus
867 419 1021 469 propugna-

103 485 172 522 tores
182 473 328 522 deturbant.

137 546 238 596 XXXI.
250 547 305 594 lam
315 547 426 611 legiones
436 547 463 596 in
474 547 628 596 testudinem
639 548 860 614 glomerabantur,
874 560 901 596 et
916 547 965 596 alii
975 549 1022 598 tela

106 637 214 684 saxaque
228 619 401 675 incutiebant,
414 637 492 684 quum
502 621 666 686 languescere
681 623 805 688 paulatim
815 622 1024 670 Vitellianorum

105 696 194 743 animi.
215 694 250 743 Ut
265 695 321 758 quis
336 691 425 741 ordine
440 695 568 758 anteibat,
587 695 676 743 cedere
689 696 812 744 fortunae:
827 711 874 753 ne,
894 695 1023 743 cremona

106 785 208 833 qnoque
221 767 302 817 excisi
310 802 317 825 ,
334 767 402 831 nulla
413 766 480 814 ultra
493 769 579 829 venia,
591 770 722 832 omnisque
735 771 770 817 ira
785 770 909 825 victoris,
927 785 985 816 uon
1000 770 1025 815 in

106 843 198 907 vulgus
210 844 297 906 inops,
312 841 356 889 sed
367 843 392 900 in
405 843 521 891 tribunos
531 843 750 906 centurionesque,
764 843 807 890 ubi
817 843 938 910 pretium
952 842 1024 890 cadis

76 932 82 938 ·
106 929 175 975 erat,
187 926 366 964 reverteretur.
378 918 514 981 Gragarius
523 919 610 975 miles,
622 915 701 965 iuturi
712 935 810 978 socors,
821 927 846 964 et
858 916 1025 980 ignobilitate
1039 929 1040 946 ³

107 989 205 1046 tutior,
220 989 366 1054 perstabat:
384 991 441 1053 vagi
453 1007 499 1055 per
511 991 580 1045 vias,
593 991 618 1038 in
638 989 756 1039 domibus
772 990 870 1046 abditi,
887 1006 985 1054 pacem
998 1005 1026 1036 ue

107 1073 163 1108 turn
176 1060 278 1125 quidem
289 1062 492 1126 orabant‚quum
503 1064 601 1111 bellum
613 1065 765 1128 posuissent.
781 1063 913 1112 Primores
926 1077 1024 1111 castro·

107 1151 166 1183 runt
176 1153 270 1184 nomen
283 1149 357 1200 atque
370 1138 491 1202 imagines
499 1139 600 1188 Vitellii
610 1137 765 1186 amoliuntur
781 1157 786 1184 ε
801 1150 905 1186 catenas
920 1133 1025 1186 Caecina

111 1207 184 1274 (uam
196 1211 338 1258 etiamtum
354 1212 455 1257 rinctus
466 1211 533 1276 erat]
555 1211 705 1271 exsolvunt,
721 1223 858 1274 orantque,
879 1228 893 1257 t<
902 1222 935 1258 ut
949 1227 1027 1258 causa

107 1299 158 1331 suae
171 1283 319 1348 deprecator
333 1281 437 1330 adsistat
447 1300 461 1330 u
473 1300 479 1330 :
491 1283 688 1349 adspernantem
699 1296 891 1347 tumentemque
902 1284 1026 1350 lacrymis

108 1356 224 1421 fatigant.
234 1359 383 1406 Extremum
393 1359 535 1416 malorum,
545 1367 583 1406 tot
593 1359 723 1408 fortissimi
731 1360 779 1406 riri
788 1396 792 1414 ‚
802 1356 945 1424 proditoris
953 1375 1026 1422 opem

109 1431 258 1479 invocantes
278 1448 283 1478 :
307 1448 368 1479 mox
392 1432 534 1479 velamenta
553 1432 688 1486 etiniulas
711 1427 758 1498 prd
780 1431 861 1478 muris
882 1443 1026 1479 ostentant.

109 1504 197 1568 Quum
204 1504 330 1553 Antonius
338 1507 456 1556 inhiberi
463 1507 518 1557 tela
527 1506 639 1567 iussisset
645 1543 652 1565 ,
665 1506 733 1570 signa
741 1505 1025 1569 aquilasqueextultirc:

109 1592 230 1626 moestum
249 1579 384 1626 inermium
403 1595 507 1642 agmen,
523 1577 628 1638 deiectis
648 1581 673 1625 in
687 1591 779 1627 terram
790 1577 883 1637 oculis,
896 1578 1026 1641 sequeba-

111 1661 164 1698 tur.
175 1651 395 1698 circumstiterant
406 1652 525 1710 viennas,
538 1662 562 1696 et
570 1649 654 1714 primii
667 1651 814 1715 ingerebant
823 1650 927 1716 probra,
939 1652 1026 1698 inten-

109 1722 198 1769 tabant
209 1722 273 1770 ictus
286 1740 291 1769 z
305 1737 381 1780 mox,
394 1733 423 1768 ut
436 1721 540 1785 praeberi
550 1738 593 1770 ora
604 1723 781 1784 contumeliis,
801 1735 826 1772 et
837 1760 842 1781 ‚
859 1721 946 1790 positia
956 1725 1028 1771 omui

110 1792 221 1853 ierocii,
241 1804 330 1841 cuncta
343 1794 405 1841 ricti
421 1794 598 1856 patiebantur,
614 1795 684 1842 subit
702 1794 859 1860 recordatio,
882 1797 943 1846 illos
955 1812 1026 1861 esse,

111 1869 156 1931 qui
165 1884 246 1934 nuper
259 1867 373 1916 Bedriaci
381 1869 495 1916 victoriae
505 1880 699 1933 temperassent.
709 1866 760 1918 Sed
772 1869 924 1920 ubi-Caecina
937 1909 943 1930 ‚
960 1890 1027 1938 prae·
1040 1887 1041 1954 q

113 1940 183 1989 texti
195 1939 376 2002 lictoribusque
386 1937 507 2002 insignis,
519 1939 617 1988 dimotis
629 1941 704 1990 turba
715 1979 721 2000 ,
732 1944 820 1992 consul
832 1945 949 2004 incessit,
960 1963 1029 1995 exar·
1040 1955 1041 1962 ’

56 2029 58 2034 ’
111 2014 168 2062 aere
176 2015 297 2061 victores:
306 2010 659 2085 srrpaibiamsteviticmque
670 2013 749 2083 (adeo
761 2019 839 2067 invisa
847 2019 945 2068 scelera
956 2023 1025 2088 sunt)
1040 2019 1041 2028 ¹

112 2085 192 2133 etiam
202 2086 349 2155 perfidiam
368 2086 538 2150 objectabant.
558 2091 667 2139 Obstitit
680 2092 823 2152 Antonius,
839 2091 961 2158 datisque
980 2095 1025 2144 de·

111 2158 259 2212 fautoribus
270 2197 276 2218 ,
289 2159 321 2209 ad
332 2161 517 2227 Vespasianum
527 2161 633 2212 dimisit.

143 2233 261 2282 XXXll.
271 2234 347 2282 Plebs
357 2235 460 2283 interim
474 2238 685 2286 Cremonensium
698 2237 763 2286 inter
772 2250 882 2287 armatos
892 2241 1027 2291 conflicta·

110 2306 186 2354 batur
198 2323 204 2353 :
220 2322 266 2353 uec
278 2307 370 2370 procul
384 2306 451 2354 crede
459 2309 580 2371 aberant,
591 2323 670 2372 quum
682 2309 800 2376 precibus
814 2312 908 2362 ducum
919 2315 1027 2381 mitiga-

109 2389 204 2428 tuaest
223 2380 305 2428 miles.
326 2381 356 2428 Et
375 2393 480 2429 vocatos
497 2382 529 2430 ad
548 2384 697 2431 concionem
715 2386 843 2434 Antonius
858 2386 1025 2454 adloquitur,

110 2453 243 2516 magnifiee
259 2456 382 2516 victores,
400 2457 485 2504 victos
500 2457 641 2506 clementer
653 2475 659 2506 ε
673 2457 704 2506 de
718 2459 840 2507 Cremonis
851 2460 878 2508 in
888 2473 1025 2511 neutrum.

110 2525 245 2576 Exercitus
260 2540 352 2593 prater
369 2529 473 2578 insitam
490 2530 621 2595 praedandi
633 2531 797 2597 cupidinem,
813 2543 899 2582 vetere
916 2535 982 2584 odio
997 2537 1027 2584 ad

110 2600 239 2649 excidium
254 2603 464 2651 Cremonensium
484 2605 619 2652 incubuit:
634 2603 731 2668 juvisse
752 2615 838 2667 partes
856 2606 1026 2668 Vitellianas,

111 2672 223 2722 Othonis
237 2692 337 2740 quoque
355 2677 439 2731 bello,
459 2676 647 2726 credebantur:
663 2695 724 2726 mox
737 2679 983 2746 tertiadecimanos,
997 2684 1026 2732 ad

111 2749 294 2797 exstruendum
308 2750 525 2815 amphitheatrum
542 2753 659 2809 relictos,
677 2764 707 2800 ut
719 2765 778 2802 suut
794 2755 910 2818 procacia
925 2757 1027 2806 urbana

110 2821 193 2886 plebis
211 2824 328 2886 ingenia,
343 2825 515 2888 petulantibus
532 2823 618 2891 jurgiis
641 2825 785 2874 illuserant.
803 2827 882 2875 Auxit
900 2829 1026 2878 invidiam

113 2895 212 2943 editum
224 2897 274 2945 illic
285 2897 299 2945 sl
312 2896 410 2946 Caeciud
423 2897 591 2961 gladiatorum
606 2902 780 2965 spectaculum
792 2921 798 2964 3
811 2901 954 2966 eademque
966 2922 1026 2954 rur·

113 2968 156 3024 sits
168 2970 229 3018 belli
239 2972 329 3040 sedes,
344 2986 370 3021 et
379 2971 478 3040 praebiti
489 2973 515 3021 in
528 2975 742 3026 acie'Vitellianis
751 2977 818 3040 cibi3
832 2994 899 3026 casae
911 2981 1026 3043 quaedam

112 3047 224 3104 feminae,
243 3046 327 3094 studio
338 3048 448 3112 partium
463 3046 495 3094 ad
505 3049 621 3111 praelium
636 3056 787 3116 progressae:
804 3061 911 3117 tempus¹
922 3071 1023 3122 quotpre

114 3119 255 3181 mercatis,
267 3121 346 3169 ditem
355 3121 468 3184 alioquin
480 3122 624 3183 coloniam,
637 3127 762 3188 maiorum
772 3141 851 3190 opum
861 3128 945 3191 specie
956 3145 1022 3178 com·

115 3194 212 3260 plebat.
225 3196 309 3242 Ceteri
319 3194 396 3241 duces
407 3195 431 3240 in
442 3193 551 3242 obscuro
561 3212 566 3241 z
579 3194 720 3268 Antonium
729 3197 831 3248 fortuna
840 3199 957 3264 famaque
967 3221 1023 3251 om·

115 3267 189 3316 nium
199 3268 279 3314 oculis
288 3277 438 3331 exposuerat
449 3284 455 3314 ε
466 3268 487 3315 ia
497 3269 742 3329 balneas,ablueutlo
753 3275 852 3334 cruori,
862 3277 970 3338 propere
978 3293 1022 3342 pe-

118 3340 153 3389 tit
164 3357 170 3388 ι
180 3349 285 3407 excepta
294 3354 346 3392 rox
356 3351 407 3410 eat,
417 3346 496 3409 quum
505 3353 620 3410 teporem
630 3345 770 3410 incusaret,
785 3349 893 3399 nutatim
903 3347 1021 3418 laturum,
