2100 3709
92 87 141 146 ζμ
270 119 276 130 .
424 95 449 130 G.
467 95 565 130 ὈΟΗ.
587 91 699 132 ΤᾸΟΙῊ

120 193 189 232 nun,
204 189 261 238 quos
274 173 617 226 Heluidiustimagistrntibus
630 178 701 233 eligi,
714 177 847 224 Marcellus
861 185 941 223 sorte
952 176 1022 220 duct.

120 244 222 288 malunt.
235 237 362 282 Helvidius
372 237 424 278 alia
434 249 526 293 quoque
537 246 616 280 censet
628 238 704 280 libera
716 247 738 281 et
750 241 829 283 irrita.
848 239 934 284 Celer·
949 251 1023 280 accu-

121 312 197 348 satur.
207 301 333 344 Mucianus
345 298 502 353 Calpurniam
515 297 673 342 Galerianum
682 300 803 366 interficit.
810 293 920 346 Interea
928 301 1023 344 bellurn

123 369 148 409 in
160 361 293 407 Germanici
300 361 389 402 Batavi
395 366 502 411 moreni,
515 359 601 402 Ciuilis
610 359 703 403 artibus
708 365 827 416 persuasi,
838 364 988 406 occasione
997 373 1023 401 es

124 426 187 470 bello
198 423 266 467 civili
276 423 343 466 Rom.
355 420 412 462 tratti
424 435 431 462 .·
442 419 560 463 accedunt
570 433 652 464 eorum
664 424 775 466 consiliis
786 423 963 480 Canninefates
974 423 1023 465 Fri-

122 489 213 544 siique,
230 486 306 527 electo
320 495 373 532 rege
387 483 513 525 Brinnone.
531 482 617 526 Civilis
631 483 750 527 Roneanos
766 483 837 528 cadit
848 498 856 526 .·
867 491 992 542 quatuor
1006 489 1025 523 et

104 539 111 548 ’
122 548 214 604 vigenti
220 558 291 587 naues
301 545 374 599 capit.
385 544 501 586 Germani
511 544 640 587 auxiliaci
648 543 758 600 offerunt
770 559 778 587 :
790 547 840 600 ipse
853 546 969 589 Gallias
979 543 1025 586 sol·

125 608 214 652 ilcitat.
228 604 382 649 Hordeonius
395 604 499 648 Flaccus
511 605 595 662 copias
611 606 635 646 in
649 619 704 647 eum
718 607 794 648 mittit
805 620 812 648 :
823 606 1036 664 quaesaganturm

126 669 275 712 batavorum
286 671 308 706 et
327 662 499 721 Caninefittum
514 662 625 709 cobortes
641 673 771 722 corrupta,
787 669 916 718 legionem
932 667 1025 709 Roma·

126 740 196 777 nam,
210 725 340 768 transitum
353 731 492 781 negantem,
508 725 572 780 apud
583 725 694 768 Bonnam
707 726 806 770 credunt.
820 727 914 771 Civilis
932 728 1025 769 suosin

125 788 199 832 verba
209 789 234 832 V
231 787 352 848 espasiani
363 785 447 836 adigit.
461 786 583 828 Romanos
591 786 624 828 ad
633 784 722 831 Vetera
729 788 821 832 obsidet
831 803 839 831 .·
848 789 894 832 sed
903 789 954 834 illi
963 789 1024 832 obsi-
1036 783 1037 786 ’

125 851 222 894 dionem
222 849 326 910 sortiter
334 847 450 900 tolerant,
463 847 668 904 oppugnatoribus
681 851 790 905 repulsis.
801 851 912 895 Interim
930 833 1037 916 militesl

126 912 222 966 culpam
231 917 339 954 motuum
349 910 375 951 in
384 907 551 952 Hordeonium
563 910 679 954 Flaccum
689 911 813 968 conserunt
821 927 829 954 :
838 913 976 957 Voculam
984 911 1025 953 du·
1036 921 1037 934 ¹

126 985 181 1014 cem
186 978 299 1028 poscunt,
312 978 336 1023 et
348 969 515 1023 Herennium,·
529 983 599 1028 quem
610 983 638 1014 re
647 972 713 1015 rnall
723 973 790 1029 gestui
799 973 947 1019 verberant.
966 975 1025 1016 Ger·
1036 1023 1037 1032 γ

127 1035 196 1075 mani
200 1045 244 1088 pro
257 1031 343 1082 Civili,
357 1029 431 1074 Ubios
439 1037 538 1073 nexant.
550 1029 642 1076 Vetera
656 1042 801 1089 oppugnant,
810 1033 853 1077 sed
863 1035 1037 1090 improspera

128 1103 253 1137 successu:
261 1103 316 1143 ergo
328 1091 416 1136 Civilis
424 1091 574 1135 obsidionem
585 1095 718 1148 continuat.
729 1093 882 1137 Hordeonius
890 1109 955 1139 suos
965 1093 994 1138 V
992 1107 1026 1138 es·

126 1155 229 1212 pasiano
239 1152 333 1206 adjicit.
343 1152 432 1197 Ciuilis
441 1153 548 1196 monitus
555 1151 584 1198 ab
594 1155 670 1196 armis
682 1154 800 1208 recedere,
813 1169 860 1198 non
865 1163 943 1212 paret
953 1169 961 1198 .·
971 1168 1027 1198 cum

131 1216 157 1259 V
154 1214 226 1258 oculei
236 1214 343 1273 constiait
354 1217 426 1258 uario
436 1221 536 1270 euentu,
551 1227 596 1256 non
606 1216 658 1257 sine
669 1217 793 1275 utriusque
801 1216 870 1260 ducis
880 1217 967 1274 culpd.
978 1218 1005 1261 V
1002 1230 1027 1258 o·

102 1313 105 1321 ,
130 1276 202 1327 cula,
211 1288 326 1333 prospero
337 1277 425 1332 prelio
432 1276 521 1334 sacto,
532 1276 621 1320 Vetera
635 1284 716 1320 castra
726 1277 849 1320 obsidione
863 1277 968 1324 liberat.
980 1280 1037 1321 llo-¹

132 1338 199 1383 tnani
214 1337 310 1380 milites
319 1337 485 1381 Hordeonium
494 1345 580 1380 necant
584 1369 590 1391 ,
603 1335 717 1380 euadente
727 1340 752 1383 V
749 1339 822 1384 ocula
832 1353 841 1381 .·
851 1352 911 1383 moa
921 1339 940 1382 ἁ
953 1339 1026 1384 Ciuili

131 1400 193 1443 victi
202 1431 208 1451 ‚
221 1398 339 1442 Voculam
349 1397 426 1442 denuo
436 1406 574 1456 sequuntur.
588 1397 738 1449 Mogontiaci
748 1399 848 1444 obsidio.
860 1400 1024 1448 Treuerorum

133 1462 223 1504 merila
236 1463 259 1503 ln
268 1461 397 1503 Romanos.
408 1459 436 1502 L.
446 1463 512 1504 Piso.
525 1459 634 1503 Muciani
644 1462 691 1503 uis.
700 1462 839 1506 Domitiani
852 1461 939 1505 libido.
950 1465 1025 1504 Arcto·

133 1525 171 1567 nii
178 1522 289 1578 potentia
303 1520 418 1578 infracta.
435 1520 519 1563 Galba
531 1521 634 1566 bonores
647 1524 761 1565 restituti.
774 1523 844 1568 Celer
853 1520 1023 1566 damnaturob

132 1591 274 1628 accusatum
284 1583 390 1626 Baream
402 1597 409 1624 :
420 1583 467 1626 alii
483 1584 559 1625 etiam
573 1581 695 1626 delatores
708 1586 874 1636 castigantur:
887 1586 957 1626 inter
969 1593 1025 1638 quos

133 1646 249 1704 Aquilius
255 1645 359 1695 Regulus
366 1645 381 1686 ἁ
389 1645 506 1690 Messalini
507 1643 591 1700 fratre
598 1645 722 1702 defensus,
729 1646 745 1688 ὰ
751 1646 867 1690 Μοιιῑαιιο
872 1645 1024 1702 percellitur.

133 1706 262 1752 Helvidius
275 1703 338 1747 idem
348 1706 373 1745 in
381 1703 525 1747 Marcellum
540 1712 616 1748 tentat
629 1720 636 1748 :
647 1709 689 1749 sed
696 1708 823 1750 Mucianus
834 1707 972 1750 intercedit.
984 1708 1026 1749 Se-

134 1772 229 1814 nienses
240 1767 320 1823 puniti
329 1765 357 1808 ob
368 1773 503 1808 senatorem
515 1767 647 1822 pulsatum.
664 1766 759 1810 Seditio
774 1767 1026 1825 nn'litarisproeventa

134 1829 152 1874 ὰ
168 1829 289 1874 Muciano.
305 1825 449 1874 Consulatus
464 1839 522 1882 quos
537 1826 655 1871 Vitellius
673 1825 774 1871 dederat
791 1829 909 1880 abrogati.
925 1829 957 1874 L.
969 1830 1025 1872 Piso

134 1891 228 1947 Africo
234 1886 364 1943 proconsul
371 1886 472 1928 missum
481 1885 515 1929 ad
523 1887 613 1929 cadem
623 1900 694 1931 suam
705 1889 721 1932 si
730 1890 846 1933 Muciano
855 1893 1026 1935 centurionem

136 1951 256 2007 supplicio
271 1947 354 2005 ntificit
365 1947 426 1988 :sed
439 1947 536 1990 Valerii
551 1947 622 1993 Festi
636 1950 733 1995 insidiis
743 1953 833 1997 interii.
842 1952 916 1996 Servi
929 1953 983 2004 eius
993 1956 1025 1995 in·

135 2012 210 2062 signis
212 2007 287 2067 fides.
303 2003 451 2050 Parthorum
466 2007 565 2050 auxilia
581 2022 628 2054 non
645 2014 741 2068 recipit.
760 2012 944 2067 Vespasianus,
958 2025 1025 2071 quem

138 2073 228 2116 iratum
241 2070 383 2113 Domitiano
401 2069 470 2112 Titus
482 2071 586 2122 mitigat.
605 2072 753 2130 Capitolium
767 2077 914 2120 restituitur.
929 2077 1024 2123 Bellum
1037 2093 1038 2098 ¹

143 2134 267 2180 Gallicum
279 2131 600 2192 Gerntanicumqueflagrat‚
612 2135 721 2188 ducibus,
735 2143 823 2192 prater
831 2138 949 2194 Ciuilem,
963 2138 1025 2182 Clas·

139 2198 206 2251 sico,
218 2195 288 2240 Julio
301 2193 403 2243 Tutore.
422 2201 445 2238 ct
460 2195 530 2238 Julio
547 2195 636 2240 Sabino
644 2213 653 2252 ,·
664 2201 706 2256 qni
722 2211 813 2254 egresso
825 2205 911 2242 contra
928 2198 1025 2242 easVo·

142 2257 204 2304 culte
219 2257 334 2300 Treueros
343 2262 367 2298 et
378 2255 499 2308 Lingonas
512 2255 622 2301 adimunt
633 2273 641 2301 .·
653 2263 711 2320 quin
720 2268 743 2302 et
752 2260 886 2302 Romanum
895 2262 1025 2302 exercitum

142 2324 235 2364 tentant
245 2331 252 2360 ι
262 2329 333 2375 quern
346 2316 442 2361 Vocula
457 2321 581 2362 constanti
595 2324 705 2364 oratione
720 2319 847 2364 bortatur:
858 2334 903 2364 nec
914 2321 1024 2378 proficit:

144 2381 202 2438 quin
216 2377 232 2420 d
247 2378 322 2422 Civili
337 2378 473 2432 occiditur;
490 2389 563 2438 atque
577 2381 753 2435 bicvllomanos
768 2389 923 2426 sacramento
936 2382 1012 2432 adigit
1017 2396 1024 2434 ,·

146 2443 224 2486 Tutor
231 2441 428 2495 Agrippinensem
440 2439 563 2486 Classicus
572 2441 681 2487 obsessos
695 2441 727 2484 ad
737 2443 825 2487 Vetera
835 2456 843 2485 :
853 2442 940 2502 quibus
949 2443 1025 2486 uiola·

146 2500 259 2555 turfides.
268 2502 353 2546 Civilis
361 2508 444 2544 votum
451 2510 473 2544 et
481 2503 592 2547 consilia.
601 2504 626 2547 V
624 2501 710 2552 clledoe
717 2507 857 2547 auctoritas.
866 2505 1026 2547 Honcanorum
1037 2519 1038 2562 ς

146 2562 282 2606 deditorum
289 2561 417 2623 profectio.
429 2564 582 2607 Consultatio
594 2563 680 2607 Civilis
689 2571 712 2606 et
725 2563 828 2608 Classici
837 2561 1038 2619 deAgnppinen-'

146 2624 225 2677 sibus,
237 2631 261 2670 et
274 2623 306 2665 nd
320 2635 361 2667 eos
372 2623 544 2667 Tencterorum
554 2623 656 2678 legatio,
669 2632 694 2667 ut
705 2627 731 2667 in
747 2637 833 2681 corpus
847 2626 982 2667 Germania
991 2640 1025 2669 re·

147 2684 329 2729 deanteadeam
335 2688 458 2742 responsio
462 2686 683 2741 Agrippinensium.
692 2687 717 2730 V
714 2687 798 2730 elleda
807 2686 931 2738 nzaiesias.
943 2687 1025 2730 Ciuilis

149 2746 292 2800 Betuasnn,
309 2747 427 2801 Tungros,
439 2746 542 2790 uentos
556 2756 669 2803 occupat,
684 2747 788 2792 Sabinus
798 2749 814 2791 ti
824 2750 940 2808 Sequanis
950 2749 1024 2792 uictus

152 2810 219 2852 latet.
233 2808 359 2853 Mucianus
372 2816 396 2854 el
408 2811 566 2855 Domitianus
575 2811 608 2854 ad
616 2811 706 2856 bellum
719 2814 881 2864 accinguntur.
892 2812 960 2854 ilenti
970 2812 1023 2854 Gal-

151 2869 199 2912 lias
205 2871 230 2911 in
229 2869 284 2924 fide
288 2871 399 2931 nomana
405 2880 555 2926 conservant,
565 2875 672 2927 exceptis
680 2875 790 2918 Treveris
798 2882 870 2931 atque
878 2874 1019 2926 Lingonibus.

153 2933 229 2975 Tutor
237 2932 448 2988 Treveriquevicti
459 2934 548 2978 bellum
560 2942 681 2978 renovant.
690 2937 796 2989 Petilius
810 2934 1021 2990 Cerialisaduenit,

153 2993 194 3052 qui
203 2989 361 3036 Valentinum
371 2999 394 3035 et
404 2991 519 3038 Treueros
529 2997 584 3049 copi
587 3001 594 3036 t
604 3009 612 3036 .·
622 2994 742 3042 militibus
752 2997 791 3039 eci
794 2997 853 3038 tium
862 2994 925 3038 urbis
930 3008 1024 3051 poscen-

154 3055 217 3097 tibus
228 3052 327 3104 resistit.
342 3052 455 3108 Legiones
466 3053 499 3093 ad
515 3054 617 3099 Civilem
633 3063 792 3109 transgressas
805 3058 906 3113 recipit:
917 3056 1025 3102 Treveros

155 3122 179 3157 et
188 3114 309 3163 Lingonas
317 3111 433 3156 accurati
443 3114 554 3172 oratione
569 3115 649 3174 officii
658 3119 783 3170 admonet,
794 3119 901 3171 ipsorum
910 3120 932 3159 in
942 3131 969 3162 eo
980 3122 1023 3161 un·-

156 3177 251 3223 iitatem
260 3176 329 3217 verti.
344 3174 428 3220 Civilis
436 3173 469 3216 ad
480 3175 602 3222 Cerialem
613 3182 717 3234 littcroe;
727 3183 848 3238 ipsiusque
857 3186 881 3222 et
890 3179 981 3223 Tutoris
990 3179 1023 3222 di·

155 3249 236 3300 oersoe-
245 3239 370 3278 sententio
383 3249 391 3277 :
403 3233 475 3294 atque
490 3234 547 3279 hnic
561 3241 655 3285 accedit
674 3241 797 3286 Classicus
812 3255 819 3281 .·
836 3253 890 3298 ergo
905 3241 1020 3297 confestim

154 3310 232 3354 pugna
238 3298 382 3350 conseritur,
393 3309 509 3351 prospera
519 3300 626 3352 primiani
639 3303 719 3356 Civili,
734 3315 793 3346 moa
801 3301 906 3346 adversa.
918 3303 1019 3358 Agrippi-

156 3370 240 3406 nenses
250 3357 336 3408 t'ternm
346 3356 363 3404 d
374 3359 503 3409 Gerenanis
510 3359 652 3409 desciscunt.
661 3363 791 3412 Mucianus
800 3364 825 3413 V
824 3363 976 3418 iteinifliium
985 3366 1016 3410 in·
