2100 3709
86 38 137 106 298
410 48 434 84 c.
453 23 680 87 coass'rtcrrt

86 148 142 198 qua
151 126 263 179 fortibus
273 126 396 186 honesta,
409 128 497 178 eadem
509 132 585 179 etiarn
597 130 694 195 ignavis
707 130 834 183 tutissima
846 142 913 187 tunt.
925 134 1011 187 Prio-

83 218 127 252 res
137 198 337 266 pngnae,qiiihna
349 197 469 250 adsersus
478 199 609 251 llomsnos
618 202 685 253 mitt
698 201 800 253 fortuni
810 217 937 255 certatum
949 221 986 257 est
996 244 1009 269 ,

85 292 159 343 spem
169 290 198 323 ac
206 272 348 321 subsidium
358 273 385 321 in
394 274 486 323 nostris
495 275 613 323 manibus
624 275 749 325 habebant
760 295 765 325 :
776 279 833 341 quia
845 280 1004 329 nobilissimi

39 372 45 377 ·
86 349 167 399 totius
178 346 329 404 Britanniae,
341 344 421 410 abque
429 347 455 394 in
466 348 526 411 ipsis
533 348 704 413 penetralibus
712 350 752 399 siti
761 386 767 407 ,
776 366 822 399 nee
832 351 1005 401 servientium

13 443 14 446 ¹
83 420 175 471 littora
191 418 374 484 adspicientes,
387 417 476 468 oculos
486 436 588 484 ustoque
601 418 614 467 d
627 431 746 469 contactu
763 421 948 473 dominationis
962 424 1005 473 iu-

85 494 196 545 siolatos
212 491 375 541 bibebamus.
389 492 458 551 Nos,
474 502 600 540 terrarum
614 508 643 541 ac
655 492 782 542 libertatis
797 506 931 555 extremos,
937 532 947 557 ,
958 511 1003 545 re-

88 583 174 617 cessus
186 568 238 631 ipse
249 581 279 615 sc
288 564 358 616 sinus
369 565 438 615 famu
450 568 476 616 iu
486 564 555 615 hunc
565 565 635 615 diem
645 566 760 617 defendit
772 586 782 633 ².
794 586 862 618 nunc
876 570 1004 619 terminus

86 640 226 692 Britanniae
239 648 333 704 patet:
352 650 427 703 atque
443 655 520 689 osone
537 633 653 705 ignotum
670 654 718 705 pro
734 642 867 706 magnifico
882 654 931 691 est.
951 644 1004 691 Sed

83 715 158 765 -unlla
169 714 221 776 jam
233 710 299 761 uitri
309 726 386 775 gens,
400 711 464 760 nibil
475 712 524 761 nisi
537 712 630 761 fluetus
640 722 667 759 et
677 726 751 775 sara,
763 724 789 761 et
799 711 931 763 infer-iores
945 713 1003 763 Ro·

89 787 176 836 mani:
191 799 302 849 quorum
313 784 460 850 superbiam
474 782 567 833 frnstrl
580 800 625 850 pes
637 784 787 850 obsequium
802 797 829 834 et
846 786 1002 837 modestiam

69 866 73 873 '
90 858 222 925 effugeris:
234 869 350 923 raptores
362 856 448 916 orbis,
467 870 600 925 postquam
616 870 706 908 cuncta
724 861 882 909 sistentibus
898 860 1004 911 defulre

89 945 176 987 terrae.
187 942 214 979 et
225 947 293 979 mate
304 941 464 980 scrutentur:
479 930 502 979 ti
510 930 625 996 locuples
635 928 715 980 bostis
727 944 765 980 est
772 966 780 991 ‚
795 934 863 980 astri
874 950 882 997 3
897 935 919 983 ai
932 950 999 999 pau-

89 1022 153 1074 per,
168 1005 313 1053 ambitiosi:
330 1019 393 1068 quos
404 1019 455 1053 son
470 1004 578 1061 Oriens,
590 1018 640 1053 non
653 1002 778 1053 Occidens
790 1006 922 1053 satiaverit
934 1025 940 1055 ι
953 1006 1002 1055 soli

90 1078 207 1128 omnium
222 1090 284 1142 opes
295 1087 371 1141 atqua
381 1077 492 1143 inopium
504 1077 558 1142 pari
569 1075 659 1127 affectu
671 1079 870 1145 concupiscunt:
883 1077 1004 1137 auferre,

88 1152 230 1205 trucidare.
241 1165 330 1216 rapere
342 1148 413 1199 falsis
425 1149 588 1212 nominibus,
605 1151 760 1217 imperium,-
775 1162 851 1215 atque
872 1152 918 1201 ubi
937 1154 1001 1203 soli-

91 1223 327 1283 tndinlmfaciust',
336 1242 432 1295 pacem
443 1224 582 1291 appellant.
1039 1260 1040 1295 ,

119 1300 217 1347 xxxt.
232 1298 463 1363 »Liberascuique
475 1312 504 1345 sc
514 1296 671 1363 propinquos
683 1312 742 1347 suos
753 1309 843 1345 natura
851 1296 1002 1346 carissimos
1039 1300 1040 1351 i

91 1384 145 1422 esse
153 1372 251 1435 voluit3
264 1368 349 1435 bipes·
361 1368 490 1428 delectus,
507 1369 569 1419 alibi
580 1370 717 1433 servituri,
733 1370 894 1437 auferuntur,
907 1372 1002 1434 coniu-

92 1452 136 1512 με’
152 1459 301 1509 sororesque
316 1444 363 1492 etsi
375 1441 494 1491 hostilem
506 1442 640 1493 libidinem
657 1442 793 1508 effugiant,
810 1446 912 1493 nornine
928 1446 1001 1497 cmi·
1039 1460 1040 1463 ’

92 1536 181 1571 corum
188 1528 263 1583 atque
273 1517 408 1582 hospitum
416 1514 576 1580 polluuntur.
586 1517 655 1567 Bona
665 1514 699 1567 fot
706 1527 830 1581 tunasqua
839 1519 864 1564 in
872 1517 999 1567 tributum
1039 1560 1040 1585 ,

92 1602 212 1657 egerunt,
225 1591 251 1639 in
264 1604 390 1638 annonam
402 1588 574 1644 frumentum:
588 1602 693 1651 corpora
706 1586 758 1651 ipsa
769 1604 798 1635 ae
808 1604 913 1653 manus,
926 1587 1002 1636 silvis
1039 1594 1040 1631 t

91 1664 268 1732 ac-paludibtss
285 1660 457 1721 emuniendis,
474 1660 581 1707 uerbera
595 1660 659 1707 inter
671 1674 699 1707 ao
712 1662 895 1723 contumelias,
907 1672 1000 1709 coute-

90 1749 159 1786 runt.
170 1737 235 1785 Nata
246 1734 363 1784 servituti
373 1731 497 1797 mancipia
508 1729 587 1779 semel
599 1742 722 1787 veneunt,
734 1740 809 1794 atque
819 1731 887 1779 ultro
895 1730 999 1781 sitdomi-

91 1810 130 1860 stia
141 1809 243 1857 aluntur
257 1823 263 1853 :
276 1802 403 1854 Britannia
415 1802 564 1852 servitutem
578 1816 649 1850 suam
663 1800 776 1865 quotidie
792 1806 868 1861 emit,
883 1804 1001 1869 quotidii

90 1882 181 1951 pascit.
190 1880 228 1931 Ac
235 1880 301 1926 sicut
310 1877 337 1927 iu
345 1874 440 1924 familid
450 1873 751 1939 recentissimusquisqne
760 1892 891 1925 servorum
901 1887 927 1925 et
935 1893 1002 1926 oon-

93 1951 293 2006 servisludibtio
301 1960 339 1998 est
348 1968 356 2010 3
365 1950 401 1996 sic
409 1950 435 1997 in
444 1947 493 1995 hoc
502 1946 570 1996 orbis
580 1960 704 1997 tertarum
714 1961 797 1999 sotere
808 1948 929 1997 famulatu
940 1951 1002 1997 nori

89 2044 138 2079 nos
148 2037 173 2075 et
185 2024 249 2072 viles
265 2023 292 2070 in
307 2020 434 2071 escidium
448 2022 569 2088 petimur.
586 2009 673 2087 Neine
689 2024 757 2071 enim
774 2038 833 2071 aava
846 2022 935 2082 nobis,
954 2035 1000 2071 aut

88 2099 207 2156 metalla,
220 2106 264 2145 aut
272 2106 363 2162 postus
374 2108 448 2157 suet,
459 2097 553 2160 quibus
565 2096 712 2150 euoluendis
727 2112 893 2145 reservemur.
907 2098 998 2145 Virtus
1038 2092 1039 2095 '

88 2172 167 2241 porro
176 2189 205 2221 ac
214 2170 306 2221 ferocia
316 2170 487 2233 subiectorum
498 2175 595 2235 ingrata
605 2172 800 2236 imperantibus:
814 2182 839 2217 et
848 2170 998 2233 longinqui-

89 2258 128 2298 tas
141 2264 171 2297 ao
182 2257 308 2297 moretum
318 2245 401 2309 ipsum
411 2243 462 2308 qud
473 2246 571 2310 tutius,
584 2244 614 2291 eb
627 2246 778 2309 suspectius.
793 2244 830 2290 Ita
843 2242 939 2293 sublati
951 2260 997 2307 ape

88 2315 169 2370 ‘rents
179 2354 187 2377 ,
199 2316 303 2365 taudem
313 2318 403 2365 sumite
413 2319 527 2366 animum
537 2310 609 2374 ,tam
619 2317 712 2381 quibus
725 2315 804 2373 salus,
818 2312 893 2379 quiam
905 2317 998 2379 quibus,

90 2395 170 2461 gloria
179 2392 307 2441 serissima
316 2402 365 2440 est.
373 2390 552 2445 Trinobantes,
561 2388 652 2439 femini
663 2388 849 2446 duce,cstttetc
861 2390 998 2450 coloniam,
1038 2416 1039 2484 p

88 2481 233 2534 expugnare
242 2476 323 2515 castra
332 2501 339 2528 ,
349 2466 434 2512 tenisi
445 2463 552 2513 felicitas
565 2464 591 2511 in
601 2462 742 2511 socordiam
753 2465 880 2525 vertisset,
892 2480 996 2514 assuere

86 2539 175 2605 jugum
187 2538 292 2605 potuere
302 2555 308 2585 ε
321 2553 368 2585 nos
378 2538 467 2601 integri
476 2549 502 2586 et
513 2535 630 2585 indomiti
640 2545 679 2595 ,ct
688 2535 828 2583 libertatern
840 2550 891 2583 non
899 2536 923 2582 in
929 2552 996 2601 prte-

88 2613 169 2663 sentit
181 2612 258 2660 latus-i
267 2647 275 2667 ,
285 2611 368 2676 primo
380 2611 467 2658 statim
479 2624 616 2674 congressu
628 2624 681 2655 non
694 2606 857 2655 ostendamus
870 2624 935 2671 quos
947 2610 997 2658 sibi

87 2685 228 2735 Caledonia
240 2686 306 2732 siros
317 2680 477 2749 seposuerit?

108 2760 236 2808 -xxxtt
249 2756 312 2807 nAn
325 2756 439 2805 eamdem
458 2755 577 2805 Romanis
600 2756 626 2805 iu
646 2756 712 2803 bello
728 2755 848 2815 virtutem
858 2789 864 2812 ‚
876 2751 951 2817 qu'am
969 2752 996 2801 in

85 2849 148 2901 pace
158 2832 289 2882 lasciviam
300 2828 387 2879 adesse
398 2826 520 2877 creditis?
531 2828 634 2878 Nostris
648 2827 685 2875 illi
697 2826 896 2875 dissensionibus
905 2842 934 2873 ac
944 2826 997 2875 dia·
1037 2862 1038 2865 η

86 2906 181 2957 eordiis
197 2907 274 2963 elati.
292 2904 353 2956 vitia
371 2902 483 2952 hostium
499 2903 524 2949 in
540 2900 647 2965 glorians
665 2899 790 2965 exercitiis
809 2902 849 2949 sui
868 2909 992 2950 restitut:

85 2998 161 3047 quem
175 2993 335 3031 contractum
351 2994 385 3031 ex
401 2975 720 3037 diversissimtrgantibns,
735 2986 763 3022 nt
776 2963 942 3021 secundiores
955 2984 992 3019 te·

85 3068 167 3115 stent,
180 3059 213 3105 ita
227 3055 336 3105 adverse
345 3052 484 3104 dissuti-em
494 3048 561 3097 :nisi
569 3048 589 3095 si
601 3047 729 3107 Gallos,et
737 3052 887 3103 Germanos,
897 3057 923 3095 et
932 3044 942 3113 (
949 3062 996 3111 pu·

84 3129 129 3179 det
137 3129 223 3195 disin)
233 3130 410 3178 Britannorum
419 3124 554 3194 pictosque
564 3158 570 3177 ,
579 3120 745 3171 dominationi
753 3123 836 3169 alienae
848 3119 992 3183 sanguinem

83 3202 289 3264 commodantes,
302 3201 399 3251 diutins
413 3213 500 3253 tanen
511 3194 598 3243 hostes
609 3194 684 3258 quiin
695 3212 779 3244 servos
791 3231 797 3253 ‚
809 3193 858 3242 fide
871 3206 896 3244 et
905 3192 992 3243 aflectu

80 3277 164 3331 uncti
172 3275 282 3343 putatis:
293 3285 376 3327 metus
387 3286 414 3329 tt
425 3263 504 3340 testor
513 3279 567 3352 opt,
582 3268 681 3323 infirma
691 3269 791 3324 sucula
802 3268 930 3321 caritatiss
941 3282 994 3335 qua
