2100 3709
291 63 531 107 nrsronrlansr
553 66 618 107 nra.
635 68 678 107 rr.
856 113 860 122 f
891 60 941 115 411

19 155 132 197 vastum
145 147 321 215 desertumque
334 169 339 199 :
352 150 456 218 dilapsis
466 152 542 201 etism
551 152 644 200 infimis
655 150 833 213 servitiorum,
844 164 944 203 autoc-

22 236 136 269 cursum
147 222 200 287 ejus
210 224 407 274 declinantibus.
417 226 506 273 Terret
517 224 639 285 solitudo,
651 237 677 275 et
687 230 799 278 tacentes
809 228 860 276 loci
868 245 874 275 ε
883 234 945 278 ten-

21 300 63 340 tat
72 293 332 345 claarsazinhorrescit
341 298 426 346 vacuis
436 315 441 347 ι
451 296 581 363 fessusque
588 299 680 346 misero
689 314 783 356 errore,
791 300 944 366 etpudendi

22 362 130 414 latebris
141 382 221 442 semet
230 371 375 435 occultans,
388 371 419 419 ab
429 370 442 419 J
444 371 497 419 ulio
505 370 622 429 Placido,
632 371 736 421 tribuno
745 372 871 435 cohortis,
879 391 946 439 pro-

23 440 154 491 trahitur.
177 444 275 493 Viuctae
294 460 361 510 pone
382 456 480 509 tergum
501 462 591 494 manus
608 466 615 495 a
631 444 724 493 laniati
742 457 830 504 veste,
849 446 945 496 foedum

24 514 226 579 spectaculum,
244 516 401 576 ducebatur,
418 518 506 567 multis
524 518 733 585 increpantibus,
752 519 823 567 nullo
842 520 948 587 illacry-

26 599 121 636 mante
143 606 150 636 :
170 586 318 642 deformitas
335 592 417 643 exitiis
435 593 633 643 misericordiam
650 594 796 643 abstulerat.
818 594 915 644 Obvius
932 594 947 643 b

28 657 195 713 Germanicis
207 667 344 728 mnitibus,
355 668 491 720 Vitellium
502 668 594 717 infesto
606 649 673 733 ictu,
688 682 734 732 per
746 667 810 720 iram
822 702 829 725 ,
843 669 884 716 vel
894 668 946 732 qud

27 735 160 785 maturiiss
174 738 290 791 ludibriis
302 746 439 803 eximeret,
451 760 483 791 au
499 743 632 790 tribunum
646 741 796 807 appetierit,
812 741 838 789 in
849 741 948 791 incerto

26 801 82 856 luit
98 825 105 856 ε
120 826 207 861 aurern
221 815 316 863 tribuni
328 817 484 881 amputavit,
501 833 531 863 ae
551 816 636 865 statim
650 813 781 864 confossus
795 827 842 865 est.
859 815 949 866 Vitel-

24 879 114 943 lium,
130 884 227 936 infestis
236 890 401 941 mucronibus
417 900 534 939 coactum
548 886 627 936 modb
641 890 735 958 erigere
752 901 793 947 os,
812 898 839 937 et
856 887 948 939 offerre

26 956 208 1017 coutumeliis,
220 976 287 1007 nuuc
296 960 415 1009 cadentes
431 972 524 1010 statuas
537 976 609 1020 suas,
620 959 772 1025 plerumque
783 958 874 1009 Rostra
884 998 891 1018 ,
901 972 947 1011 aut

28 1024 122 1077 Galba
130 1032 207 1079 occisi
214 1032 300 1081 locum
310 1026 425 1081 contueri
431 1054 439 1093 i
448 1033 579 1098 postremi>
588 1032 620 1079 a'd
631 1033 784 1091 Gemonias,
796 1033 842 1081 ubi
849 1048 945 1099 corpus

27 1100 117 1149 Flavii
133 1102 219 1153 Sabini
229 1105 354 1166 jacuerat,
370 1104 514 1173 propulere.
525 1105 585 1155 Vox
597 1121 646 1152 una
658 1122 710 1152 non
725 1104 855 1169 degeneris
867 1105 948 1155 animi

29 1191 156 1245 excepta,
170 1198 249 1245 quum
261 1184 362 1233 tribuno
375 1181 520 1241 insultanti,
535 1197 585 1229 use
598 1186 683 1230 tamen
695 1181 875 1247 imperatorem
892 1182 947 1247 ejus

28 1248 113 1302 fuisse
124 1270 155 1315 a,
174 1255 316 1321 respoudit.
334 1255 370 1305 Ac
385 1254 477 1303 deinde
493 1253 597 1319 ingestis
611 1253 759 1301 vulneribus
774 1254 895 1303 concidit.
912 1256 950 1307 Et

30 1325 129 1393 vulgus
144 1328 232 1380 cidem
252 1330 376 1397 pravitate
395 1328 566 1381 insectabatur
582 1324 762 1400 intersectum,
781 1326 830 1392 qud
847 1326 951 1378 foverat

29 1413 176 1451 viventem.
355 1433 358 1441 ·

63 1478 211 1533 LXXXVI.
220 1478 295 1529 Pater
302 1479 341 1528 illi
348 1478 378 1529 L.
387 1474 510 1532 Vitellius
520 1496 525 1527 :
536 1478 673 1545 septimum
681 1486 706 1526 et
713 1475 949 1541 quinquagesimum

31 1552 114 1600 etatis
126 1568 221 1603 anuum
231 1554 349 1619 explebat
359 1572 366 1602 ε
377 1554 538 1603 consulatum
549 1591 556 1616 ,
569 1551 728 1616 sacerdotia,
738 1566 832 1599 nomen
847 1550 952 1598 locum·

33 1642 85 1690 que
98 1626 164 1673 inter
175 1628 312 1692 primores,
328 1626 398 1675 nulls
408 1628 453 1677 sui
467 1625 605 1691 industria,
622 1624 667 1674 sed
677 1636 768 1673 cuncta
780 1623 859 1689 patris
872 1623 952 1671 clari·

34 1698 128 1747 tudine
137 1698 251 1767 adeptus.
259 1702 432 1767 Principatum
442 1702 466 1750 ei
475 1700 598 1760 dctuldre,
607 1699 743 1765 quiipsum
752 1712 805 1747 non
813 1693 950 1746 noverant.
982 1714 991 1723 “

38 1772 129 1822 Studia
141 1774 266 1825 exercitiis
282 1774 343 1840 rarsi
354 1777 488 1841 cuiquam,
506 1776 581 1825 bouis
595 1775 692 1823 artibus
708 1772 828 1837 quesita,
843 1769 950 1835 perinde
998 1825 1007 1842 x

36 1844 155 1909 adluire,
174 1850 249 1915 quim
263 1849 321 1899 huic
332 1866 378 1915 per
394 1852 531 1917 ignaviam.
548 1850 632 1899 luerat
649 1861 735 1897 samen
753 1845 903 1913 simplicitas
919 1860 950 1893 ac

35 1918 192 1988 liberalitas3
208 1939 275 1987 quae,
290 1922 316 1970 ni
330 1922 396 1971 adsit
410 1923 517 1982 modus,
532 1923 680 1971 inexilium
691 1932 836 1970 vertuntur.
847 1917 951 1969 Amici·

34 1995 99 2055 tias,
113 1996 174 2044 dum
186 1992 361 2059 magnitudine
370 1994 517 2051 numerum,
531 2011 583 2040 non
594 1992 735 2044 constantii
750 2008 851 2042 morum
863 1993 951 2041 couti·

35 2084 99 2117 uere
110 2080 195 2133 putat,
207 2067 302 2115 meruit
314 2066 410 2131 magis,
424 2064 499 2129 qu‘am
514 2064 611 2112 habuit.
622 2064 776 2129 Reipublicae
787 2064 856 2113 haud
870 2066 948 2116 dubia
967 2112 970 2115 .

37 2142 173 2201 intererat,
185 2140 321 2191 Vitellium
330 2137 399 2186 vinci
411 2154 417 2185 ι
430 2136 473 2259 a?
484 2137 609 2200 imputare
619 2134 751 2202 perfidiam
762 2151 813 2184 nou
823 2142 930 2202 possunt
941 2176 949 2199 ,
1016 2172 1021 2176 -

37 2216 221 2281 quiVitellium
229 2212 386 2279 Vespasiano
396 2228 441 2278 pro
462 2210 543 2271 idere,
555 2226 635 2275 quum
645 2208 660 2258 al
671 2210 753 2258 Galba
767 2210 949 2261 descivissent.

37 2291 163 2355 Praecipiti
173 2292 200 2338 in
209 2304 326 2338 occasum
336 2286 394 2343 die,
409 2287 441 2333 ob
451 2272 572 2352 pavorem
583 2286 775 2349 magistratuum
785 2277 949 2335 senatorum-

40 2380 102 2430 que,
114 2363 157 2429 qui
169 2362 257 2428 dilapsi
267 2377 298 2409 ex
308 2358 384 2419 urbe,
395 2371 439 2407 aut
447 2375 492 2424 per
501 2358 593 2407 domos
601 2358 733 2405 clientium
742 2369 823 2407 semet
831 2361 950 2409 occulta·¹

15 2500 17 2507 Ι
40 2439 116 2496 bant,
138 2438 222 2485 vocari
235 2446 338 2484 senatus
349 2449 401 2481 nou
413 2432 507 2503 potuit.
523 2430 710 2490 Domitianum,
727 2429 862 2496 postquam
878 2431 947 2481 nihil

15 2910 18 2933 l

41 2514 134 2565 hostile
143 2514 319 2570 metuebatur,
331 2509 364 2559 ad
379 2508 456 2557 duces
472 2508 583 2573 partium
591 2510 767 2573 progressum,
777 2519 803 2556 et
814 2510 948 2561 Coesarem

41 2588 241 2646 consalutatum,
259 2585 332 2636 miles
344 2582 476 2647 frequens,
489 2586 569 2650 utque
580 2583 671 2632 eratin
682 2581 774 2643 armis,
789 2580 816 2630 in
828 2593 947 2649 paternos
964 2592 972 2614 ‘

42 2674 146 2727 penates
162 2659 275 2713 deduxit.

42 2826 429 2860 wmwmwvwwwww
434 2825 948 2854 summ-mmmmm

155 2942 588 3072 HISTORIARUM
620 2941 732 3027 Lis.
752 2943 830 3026 iv.

41 3138 149 3185 Licentia
158 3136 264 3179 militum
276 3133 450 3177 Flavianorum
460 3132 484 3174 in
493 3129 547 3185 iperi
559 3128 615 3171 uite
625 3129 740 3170 exercita.
749 3125 777 3169 L.
792 3126 894 3171 Vitellio
903 3128 945 3171 de-

67 3203 116 3245 dito
123 3198 306 3253 interfectoque,
317 3194 452 3247 Carmania
458 3192 616 3244 conmoritur.
625 3191 729 3231 Senatus
733 3199 778 3242 pro
786 3187 946 3243 Vespasiano.

68 3261 241 3308 Flavianornn
255 3258 341 3301 ducum
357 3254 467 3297 honores.
483 3251 593 3296 Helvidii
606 3249 689 3290 Prisci
700 3251 753 3290 uita
765 3254 837 3303 arque
852 3262 930 3292 risores
938 3268 947 3303 ‚-

68 3335 122 3370 ram
130 3320 207 3379 Eprio
216 3318 333 3371 Marcello
346 3315 493 3367 certamina,
508 3313 572 3355 inter
583 3322 635 3366 quoe
644 3308 674 3355 dc
680 3308 765 3417 lesatig
774 3305 807 3347 ad
817 3307 947 3365 Vespasia·
