2100 3709
437 17 462 60 s.
486 14 581 56 cons.
599 3 714 54 rscrr's

124 94 327 162 nori‚stqueillis
335 96 497 162 instsntibus,
505 95 683 148 modblsmam
691 95 812 146 vanitstis
818 87 943 149 metuere
954 119 964 166 ς
976 102 1042 152 mob

124 169 300 242 obsecratione
319 171 431 236 ipsorum
443 209 451 235 ,
464 185 490 222 ot
509 173 615 221 vocibus
629 171 790 220 adulantium
804 172 832 220 in
847 187 927 240 spem
941 177 1040 230 induci:

88 266 91 272 ¹
121 243 254 311 postremi>
264 244 404 294 existimari
415 245 428 293 i
438 243 543 294 medicis
553 244 640 309 jubet,
651 261 683 294 su
691 243 750 295 ulis
758 246 856 295 cncitss
866 263 898 296 ac
913 247 1041 308 debilites,

124 332 172 382 ope
185 315 294 366 humsui
308 319 462 384 superabiles
478 317 573 369 iurent.
588 316 684 368 Medici
701 318 770 368 rarii
784 317 932 372 disserere:
951 340 970 373 α
983 325 1041 372 Hui:

120 401 176 439 tton
185 407 286 442 exesam
297 394 349 441 vim
360 392 464 446 luminis
473 405 517 455 ,et
527 391 681 451 redituram,
693 392 714 440 si
729 393 886 458 pellerentur
896 397 1039 448 obstantia:

122 462 164 512 illi
173 465 272 530 elapsos
282 467 307 513 iu
318 482 424 532 prrsum
435 479 520 526 artus,
531 467 553 516 si
564 465 674 516 silubris
684 467 723 514 vis
737 465 889 517 adhibentur
899 485 999 536 ,posse
1009 474 1037 519 iu·

121 539 223 603 tegrsri.
238 540 270 588 ld
285 539 392 589 lortssse
404 541 476 590 cordi
496 539 564 604 deis,
582 552 608 590 et
625 540 711 590 divino
729 540 873 592 ministerio
891 541 1037 611 principem

121 611 247 663 electum:
265 614 374 678 denique
392 616 486 679 pstrsti
501 614 610 664 remedii
625 615 731 680 gloriam
749 630 828 680 penes
839 615 974 666 cesarem
985 637 993 682 3
1006 622 1037 667 ir-

121 684 168 736 riti
178 687 318 738 ludibrium
333 705 410 754 peues
426 690 533 738 miseros
553 688 640 738 fores.
660 687 740 752 Igitur
753 688 931 754 Vespssisnus
952 703 1036 741 cuncts

79 772 85 792 ¹
121 757 289 812 fortunasue
298 773 385 829 patere
400 775 485 820 ratus,
497 779 545 811 neu
560 760 698 827 quidquem
714 757 780 810 uitri
795 761 973 828 incredibile,
987 767 1035 816 leto

122 834 178 899 ipse
194 836 284 897 vultu,
302 836 385 886 erecti
402 854 455 902 que
474 835 592 886 adstabat
607 833 770 886 multitudine
780 871 788 894 ‚
798 831 866 898 iussn
878 839 1035 904 exsequitur.

121 906 213 958 Statim
226 926 346 959 conversa
362 910 394 958 sd
409 927 485 960 usum
497 924 603 975 manus,
617 926 646 958 sc
663 924 728 957 ceco
744 907 836 958 reluxit
846 908 910 959 dies.
929 913 1034 962 Utrum·

119 997 187 1045 que,
195 984 240 1048 qui
253 984 388 1034 interfuere
400 1022 405 1041 ,
420 987 601 1049 huncquoque
613 993 773 1043 memorent,
785 993 926 1051 postquam
941 988 1034 1037 nullum

120 1056 256 1107 mendacio
267 1059 390 1124 pretium.
594 1061 601 1068 “

152 1127 286 1180 LXXXII.
304 1129 387 1179 Altior
403 1128 462 1177 inde
473 1127 631 1194 Vespasisno
648 1129 741 1197 cupido
757 1128 868 1180 adeundi
883 1128 990 1182 iscrsrn
1000 1149 1032 1182 se·

121 1205 197 1266 dem,
210 1216 238 1253 ut
254 1219 329 1271 nuper
339 1205 414 1254 robus
426 1204 527 1269 imperii
539 1203 691 1254 consuleret.
710 1206 821 1256 «Arceri
838 1205 944 1270 templo
960 1224 1032 1255 cunc-

121 1291 185 1332 tos»
202 1278 288 1344 jubet:
299 1290 374 1343 utque
389 1277 528 1342 ingressus,
539 1277 702 1341 intentusque
718 1279 831 1338 numiui,
841 1282 966 1344 respexit
976 1299 1032 1348 poue

113 1366 219 1420 tergum
229 1352 404 1420 eprimoribus
411 1352 587 1419 AEgyptiorum
598 1351 700 1401 nomine
709 1350 852 1406 Basiliden
861 1378 872 1417 ‚-
886 1371 971 1418 quem
981 1373 1032 1421 pro·

109 1427 162 1480 :eul
173 1425 326 1476 Alexandriit
334 1427 446 1492 plurium
459 1424 558 1474 dierum
569 1425 676 1490 itincre,
687 1436 714 1476 et
722 1441 785 1498 reguo
797 1441 909 1494 corpore
921 1425 1029 1480 detineri

118 1497 188 1549 haud
197 1500 336 1564 ignorabat.
347 1498 528 1548 Percnnctutur
537 1497 693 1556 sacerdotes,
703 1517 769 1552 num
778 1500 828 1552 illo
839 1501 883 1552 dis
892 1503 1031 1554 Basilides

121 1573 252 1644 templum
262 1574 356 1624 inissel
363 1571 565 1638 ?pereuuctstur
573 1571 676 1632 obvios,
688 1589 767 1622 untrm
776 1576 802 1622 in
811 1575 874 1623 urhe
883 1576 960 1626 visus
968 1573 1031 1626 situ?
1041 1635 1042 1646 ἵ

120 1643 244 1711 denique,
256 1647 340 1694 missis
348 1646 492 1709 equitibus,
503 1645 633 1710 explorat,
646 1645 691 1694 illo
704 1648 827 1713 temporis
841 1661 981 1699 momento
992 1653 1042 1699 oc?

120 1722 218 1785 togints
235 1719 348 1768 millibus
365 1735 484 1784 passuum
500 1719 618 1768 abluisse.
637 1719 710 1768 Tunc
728 1719 842 1770 divinans
857 1722 996 1788 speciem,
1013 1733 1033 1772 et

120 1794 174 1844 rim
185 1792 300 1858 responsi
309 1808 340 1840 ex
351 1792 452 1840 numine
463 1790 612 1852 Basilidis,
625 1793 805 1857 interpretatus
817 1804 863 1843 est.
888 1789 890 1791 ¹

151 1864 296 1914 Lxxxnt.
314 1865 391 1928 Origo
411 1862 452 1912 dei
470 1865 584 1912 nondum
605 1865 698 1912 uostris
718 1867 863 1914 auctoribus
879 1867 1015 1916 celebrata
1027 1887 1041 1915 z„

120 1939 298 2002 AEgyptiorunr
313 1939 438 1983 antistites
453 1937 489 1983 sic
504 1945 664 1984 memorant:
677 1937 833 1986 nPtolernno
842 1940 915 2002 regi,
928 1943 1041 2049 quibis-p

118 2009 245 2058 redonum
258 2009 356 2073 primus
364 2009 468 2074 AEgypti
479 2025 541 2073 opes
553 2008 677 2073 firmarit,
687 2028 766 2076 quum
773 2011 934 2062 Alexandria
945 2015 1032 2064 recise

117 2081 224 2133 condite
239 2081 344 2141 meenia,
359 2083 518 2148 templaque,
534 2093 560 2131 et
568 2083 705 2150 religiones
719 2084 838 2144 sdderet,
854 2086 979 2136 oblatum
991 2105 1027 2154 per

117 2157 230 2222 quietern
243 2154 333 2205 decore
343 2157 436 2205 eximio
444 2193 450 2215 ,
459 2168 485 2206 et
495 2155 590 2220 maiore
598 2155 672 2221 quim
685 2157 795 2208 humani
804 2161 888 2225 specie
896 2159 1026 2224 juvenen,
1037 2161 1040 2274 1

118 2232 162 2294 qui
168 2241 284 2294 moueret
292 2246 322 2287 u,
333 2241 362 2278 ut
371 2229 502 2278 fidissimis
510 2228 651 2278 amicorum
661 2228 803 2280 inPonttrm
814 2232 911 2291 missis,
923 2233 1025 2299 effigiem

89 2318 93 2324 ’
118 2319 191 2353 suam
202 2304 293 2352 recitet
308 2320 314 2350 :
327 2303 413 2351 letum
432 2301 459 2350 id
477 2318 569 2367 regno,
583 2319 750 2370 magnumque
762 2316 787 2353 et
805 2305 931 2370 inclytum
944 2308 1024 2356 sedent
1038 2355 1039 2374 ,

118 2377 190 2436 iore,
198 2393 253 2442 quse
264 2376 417 2448 excepisset:
430 2393 445 2426 s
457 2377 535 2426 sirnul
551 2379 632 2426 visum
642 2377 759 2428 eumdem
770 2378 887 2442 iuvenem
898 2380 925 2427 in
938 2381 1025 2428 coelun

118 2452 177 2517 igne
190 2453 303 2518 plurimo
318 2451 402 2500 sttolli
412 2466 436 2500 s.
457 2450 619 2511 Ptolemaeus,
633 2452 719 2501 ornine
736 2463 763 2501 et
776 2451 899 2513 mirupulo
915 2453 1023 2511 excitus,

116 2526 289 2575 socerdotsssus
301 2525 477 2590 AEgyptiorum
484 2562 494 2586 ‚
505 2524 598 2589 quihus
607 2539 662 2572 mus
675 2523 738 2573 talia
747 2525 888 2589 intelligere
898 2560 905 2582 ,
917 2537 1022 2572 noctur·

116 2613 165 2646 uos
177 2599 245 2647 risus
257 2600 346 2666 sperit.
361 2597 446 2662 Atque
458 2596 508 2646 illis
522 2595 597 2644 Ponti
614 2607 641 2644 et
651 2608 813 2646 externorum
824 2611 913 2659 parurn
926 2597 1022 2662 gnaris,

117 2671 281 2722 Timotheum
290 2669 472 2721 Atheniensem
483 2669 594 2734 ,egente
604 2668 827 2735 Eumolpidarum,
838 2681 929 2731 quem,
943 2683 972 2717 ut
983 2687 1022 2719 sn·
1037 2647 1038 2717 i

120 2746 228 2808 tistitem
240 2746 448 2804 cerimoniarum,
458 2743 576 2793 Eleusine
586 2744 720 2800 exciverat,
731 2743 1022 2808 uquaenamillssupers·
1036 2787 1037 2806 ,

118 2819 196 2882 titio,
214 2820 283 2883 qnod
300 2817 438 2869 numeuu?
458 2821 605 2882 interroget.
626 2816 787 2876 Timotheus,
809 2817 919 2881 quaesitis
937 2820 981 2880 qui
999 2819 1037 2900 inl

60 2919 64 2926 ·
116 2893 237 2952 Pontum,
248 2905 390 2952 merssent,
405 2893 548 2957 cognoscit,
560 2890 650 2939 urbem
667 2890 721 2939 illic
738 2891 863 2957 Sinopen,
877 2907 924 2938 nec
936 2890 1021 2956 procul

118 2964 260 3031 templum,
271 2959 355 3014 re'tere
365 2967 429 3014 inter
438 2966 537 3013 accolis
547 2964 611 3013 lami
621 3001 628 3027 ,
637 2965 708 3014 lovis
718 2963 791 3016 Ditis.
799 2965 915 3028 Namque
926 2975 953 3013 et
964 2982 1020 3012 rnu-

117 3039 225 3088 liehrem
243 3038 347 3102 effigiem
362 3037 496 3098 sdsistere',
508 3036 584 3102 quim
601 3037 715 3102 plerique
726 3038 904 3103 Proserpinam
922 3049 1021 3089 voeent.

117 3111 325 3164 SedPtolemseus
336 3147 343 3167 ,
354 3122 382 3159 ut
396 3120 457 3158 sunt
471 3109 570 3175 ingenis
583 3124 687 3172 regum,
699 3109 837 3176 prouusad
849 3108 1019 3168 formidinem,

118 3189 164 3236 ubi
173 3186 294 3235 securitas
302 3185 392 3248 rediit,
403 3185 563 3251 voluptatum
574 3181 650 3248 quim
664 3185 817 3255 religionum
830 3187 965 3250 appeteris,
978 3201 1019 3233 ne·
1034 3233 1035 3240 ,

118 3257 467 3330 gligerepsulatirn,oliasque
476 3258 590 3322 adnotes
599 3257 1016 3314 suimumrertere:slonecesdent
