2100 3709
320 56 496 94 susurrum
512 59 576 93 cre.
596 60 638 95 ιι.
899 49 931 102 tr

9 136 100 199 livini,
109 157 168 207 non
176 138 285 191 humani
294 141 358 205 iuris
370 142 504 190 memores.
512 142 538 189 Si
546 140 732 191 tedioriarum
740 143 848 191 scmeris
856 142 934 193 finem

11 215 136 281 cupient,
149 214 201 263 hac
212 216 267 263 acie
281 214 363 281 parari
375 206 380 261 ὲ
393 214 537 279 propiorem
545 215 597 284 jam
605 216 708 269 Albim.
719 214 794 279 quim
801 216 934 283 Rhenum,

14 307 96 355 neque
110 290 217 339 bellum
231 289 316 357 ultrb3
330 288 405 337 modb
417 306 443 335 se
454 291 533 355 patris
543 326 549 341 ,
561 291 694 355 patruique
704 289 806 350 vestigia
817 305 936 354 premen-

12 379 63 415 tem
76 364 176 414 iisdem
189 368 214 414 in
226 366 303 413 terris
312 365 429 414 rictorem
440 366 587 426 sisterent».
599 366 750 415 Orationem
757 364 831 412 ducis
837 376 938 415 secutus

13 442 130 491 militum
144 440 246 489 ardor:
263 432 411 504 signumque
423 456 511 503 pugnae
525 440 623 504 ilatum.

43 515 108 563 XV.
122 512 185 561 Nec
196 512 343 564 Arminius.
357 523 400 559 aut
412 514 492 559 cetur-i
504 507 691 561 Germanorum
701 527 820 577 proceres
832 509 940 560 omitte·

16 586 76 636 bant
97 604 164 636 suos
179 587 288 650 quisque
300 586 387 634 testari
401 603 406 632 :
426 603 440 632 u
449 586 501 634 llus
515 602 571 633 esse
584 586 711 635 Romanos
722 586 829 636 Variani
840 582 941 633 exerci-

18 662 55 709 tiis
66 662 273 733 fugacissimos,
287 660 328 724 qui
341 678 372 708 ue
388 660 656 717 bellumsrolerareot,
677 660 827 709 terlitionem
847 653 943 707 indue·

19 736 86 783 rint:
109 750 228 797 quorum
246 750 302 797 pars
317 743 408 781 onusta
423 735 570 787 vulneribus
582 748 696 799 tergum,
708 751 766 800 pers
778 734 898 782 fluctibus
915 743 942 782 et

20 805 143 871 procellis
161 802 258 853 fractos
271 816 354 867 artus,
369 804 474 858 infensis
488 808 591 856 rursrlm
603 806 734 862 hostibus,
747 806 860 857 adversis
873 806 942 874 diis,

21 880 166 942 objiciant,
177 877 246 926 nulli
257 878 317 927 boni
331 896 393 945 spe:
410 882 515 928 classem
527 882 640 945 quippe,
655 892 682 929 et
693 881 748 927 avis
762 879 858 928 Oceani
869 896 942 943 quc·

20 955 65 1002 rita
76 993 82 1009 ,
94 969 131 1001 nc
145 952 204 1015 quis
212 953 372 1002 venientibus
381 968 539 1010 occurreret,
551 956 677 1020 nepulsos
687 965 828 1022 premeret:
842 952 886 1001 sed
896 954 941 1004 ubi

19 1026 178 1076 miscuerint
186 1042 287 1085 manus,
301 1029 374 1077 inune
384 1030 458 1079 victis
466 1042 604 1095 ventorum
611 1045 774 1079 remorumve
783 1026 938 1078 subsidium:

18 1099 205 1148 meminissent
221 1100 298 1150 morib
315 1105 443 1161 araritiae,
459 1106 635 1164 crudelitatis,
651 1105 789 1171 superbie:
809 1100 879 1148 eliud
890 1100 941 1150 sibi

18 1174 152 1238 reliquum
162 1209 169 1227 ,
181 1171 256 1236 quiem
271 1186 358 1224 tenere
368 1177 512 1228 libertatern
523 1217 531 1236 ,
542 1192 587 1229 aut
597 1182 664 1228 mori
675 1192 733 1229 ante
745 1176 877 1226 servitium
884 1170 898 1222 l
905 1190 921 1221 u

46 1246 128 1297 XVI.
150 1248 195 1295 Sic
214 1264 347 1304 accensos,
362 1264 387 1300 et
399 1254 513 1318 pralium
530 1269 678 1322 poscentes,
697 1258 724 1302 in
742 1266 880 1317 campum,
897 1246 941 1301 eui

21 1320 176 1372 Idistaviso
184 1338 292 1375 nomen,
301 1322 446 1375 deducunt:
459 1329 482 1374 ie
489 1328 589 1377 medius
597 1331 662 1377 inter
669 1326 802 1390 Visurgim
812 1335 837 1370 et
846 1322 939 1381 colles,

21 1409 47 1446 ut
56 1399 119 1463 ripae
127 1396 252 1445 fluminis
261 1397 367 1453 cedunt,
377 1413 422 1445 eur
431 1402 601 1464 prominentia
609 1404 735 1450 montium
742 1400 872 1452 resistunt.
880 1400 941 1445 inre-

23 1472 128 1535 qualiter
142 1472 271 1519 sinuatur
283 1486 290 1517 :
304 1486 372 1533 pone
383 1484 483 1537 tergum
495 1472 641 1539 insurgebat
652 1474 731 1535 silva,
743 1472 818 1520 editis
827 1471 853 1517 in
862 1472 943 1518 altum
960 1493 964 1497 ¹

23 1548 95 1595 ramis
106 1583 115 1607 ,
127 1556 158 1593 et
176 1560 242 1609 pura
255 1541 337 1591 humo
348 1545 414 1593 inter
424 1548 547 1595 arborum
560 1558 673 1597 truncos.
688 1548 813 1613 Campum
824 1554 850 1591 et
862 1543 945 1608 prims

23 1622 144 1671 silvarum
163 1619 273 1669 barbara
286 1622 352 1672 ecies
366 1624 462 1671 tenuit:
484 1624 533 1672 soli
552 1618 674 1672 Cherusci
693 1622 751 1687 juga
766 1617 898 1675 insedere,
915 1628 945 1667 ut

23 1696 197 1767 prebentibus
214 1698 339 1746 Romanis
358 1698 465 1765 desuper
480 1700 646 1748 incurrerent.
658 1698 754 1749 Noster
768 1695 892 1745 exercitus
904 1692 942 1741 eie
1019 1693 1021 1698 '

24 1775 126 1824 incessit
138 1788 145 1819 ι
160 1770 295 1818 auxiliares
308 1769 376 1818 Galli
387 1807 394 1829 ,
406 1766 579 1839 Germanique
592 1774 619 1822 in
630 1772 731 1821 fronte:
746 1780 805 1838 poet
816 1784 879 1835 quos
891 1783 940 1833 pe·

25 1848 86 1897 dites
102 1841 231 1907 sagittarii
246 1860 252 1889 ε
266 1842 325 1891 dein
338 1857 448 1909 quatuor
460 1848 588 1913 legiones,
602 1859 697 1898 etcum
707 1844 806 1894 duabus
816 1844 940 1908 praetoriis

27 1920 190 1973 cohortibus.
204 1934 233 1965 ac
242 1916 342 1967 delecto
354 1924 439 1984 equite
450 1924 547 1973 Caessr:
560 1925 620 1980 exin
631 1923 739 1973 totidem
746 1920 801 1969 elia
810 1920 938 1985 legiones,

27 2009 50 2045 et
62 1998 131 2045 levis
143 2004 341 2042 armaturarum
354 1996 439 2069 equite
450 1998 594 2064 sagittario,
606 2011 744 2062 ceteraeque
753 1994 880 2044 sociorum
890 2008 938 2043 ιο.

28 2069 122 2119 hones·
135 2068 253 2125 Intentus
262 2078 414 2133 paratusque
427 2072 513 2133 miles,
527 2084 556 2123 ut
567 2071 630 2123 ordo
639 2071 747 2139 agminis
759 2070 786 2119 in
797 2068 878 2118 eciem
889 2065 937 2115 erl·

31 2142 140 2192 sisteret.
658 2158 662 2165 -
849 2191 855 2195 ,

56 2215 145 2265 XVII.
162 2214 230 2263 Visis
239 2214 430 2269 Cheruscorum
442 2218 568 2278 catervis,
585 2236 641 2287 quse
651 2235 699 2289 ptr
707 2215 829 2267 ferociam
842 2231 937 2281 proru-

29 2302 129 2353 Ριῐιυῑ,
147 2282 315 2341 validissimos
331 2293 447 2357 equitum
464 2294 595 2344 incurrere
607 2297 674 2345 latus
682 2330 693 2354 ,
708 2290 860 2340 Stertinium
876 2304 937 2337 cum
1005 2304 1011 2315 ·

7 2344 10 2379 l
30 2365 117 2412 ceteris
123 2366 216 2413 turmis
225 2364 406 2431 circumgredi,
417 2378 538 2432 tergaque
548 2368 668 2418 invadere
674 2366 759 2428 iubet,
768 2364 822 2427 ipse
832 2362 858 2407 in
866 2371 936 2407 tem-

28 2452 85 2500 pore
103 2434 246 2486 adiuturus.
267 2437 367 2487 lntereh
383 2438 590 2503 pulcherrimum
605 2438 759 2501 augurium,
773 2444 831 2479 octo
848 2431 937 2492 aquile

7 2524 9 2549 1
30 2525 110 2575 petere
122 2511 197 2560 silvas
209 2513 341 2562 et‘intrare
352 2512 428 2572 visae,
440 2515 622 2579 imperatorem
632 2506 768 2560 advertere
779 2523 785 2552 :
796 2502 935 2552 exclamat:

28 2588 111 2655 lrent,
120 2597 295 2657 sequerentur
304 2593 449 2643 Romanas
458 2608 531 2648 aves,
536 2593 654 2661 propriu
664 2586 801 2657 legionum
808 2580 935 2646 numiaa;

30 2663 99 2711 simul
109 2662 234 2728 pedestris
246 2664 313 2712 ecies
322 2664 445 2721 infertur}
456 2677 482 2714 ct
492 2663 637 2731 praemissus
646 2678 738 2730 eques,
751 2669 893 2727 postremos
905 2670 935 2704 ac

30 2736 98 2785 latera
114 2737 233 2803 impulit:
247 2737 393 2804 mirumque
410 2739 497 2801 dictu,
509 2741 561 2789 duo
575 2738 690 2791 hostium
704 2736 820 2804 agmina,
835 2728 934 2779 diversi

29 2810 95 2877 lugi,
115 2811 159 2876 qui
171 2811 262 2860 silvam
276 2822 425 2878 tenuerent,
438 2815 464 2862 in
477 2826 578 2879 aperte.
589 2817 635 2880 qui
649 2831 703 2863 carn
724 2815 745 2861 ie
762 2806 914 2857 adstiterunt
920 2838 932 2863 ‚

30 2886 50 2931 in
62 2888 152 2936 silvam
165 2885 291 2933 ruebant:
311 2886 389 2937 medii
402 2890 469 2937 inter
488 2889 535 2938 hos
551 2890 673 2939 Cherusci
683 2831 792 2936 cohibus
804 2876 930 2932 detrude-

30 2964 111 3011 bantur
125 2978 132 3011 τ
145 2961 214 3009 inter
228 2976 292 3025 quos
307 2962 412 3029 insignis
424 2964 556 3013 Arminius
565 2980 652 3022 mauu,
664 2978 736 3023 voce,
746 2958 929 3030 uulnere„sus·

31 3037 133 3086 tentabat
149 3048 284 3099 pugnam:
302 3035 501 3101 incubueratque
519 3039 670 3102 sagittariis,
687 3034 730 3085 ills
747 3041 882 3097 rupturus,
900 3024 928 3073 nl

30 3110 145 3160 lictorum
151 3106 546 3175 Vindelicorumque,ethllicre
555 3112 671 3161 cobortes
679 3112 748 3176 signa
758 3103 912 3165 obiecissent

29 3188 74 3237 nitu
85 3198 171 3237 temen
182 3184 298 3249 corporis
314 3198 339 3236 et
354 3180 451 3255 impetu
461 3190 518 3255 equi
530 3189 656 3255 pervasit,
670 3188 764 3236 oblitus
774 3178 865 3227 faciem
875 3186 925 3256 suo

31 3278 118 3323 cruore,
130 3278 164 3309 ne
174 3271 338 3311 nosceretur:
351 3264 454 3329 quidam
468 3266 603 3331 «agnitum
613 3264 627 3313 'a
638 3261 747 3313 Chaucis
756 3245 924 3302 inter‘aumhe

30 3334 127 3385 Romana
140 3334 293 3414 agentibus,
304 3332 499 3405 emisiumqueu
512 3338 683 3389 tradiderunt.
695 3333 784 3386 Virtus
797 3338 841 3369 eeu
856 3317 924 3363 lraue
