2100 3709
322 150 499 192 Antistium
522 153 590 192 urs.
613 151 658 192 IV·
892 153 937 194 tot

51 231 98 286 belli
107 233 222 286 Sacrovir
232 232 277 284 diu
290 231 461 284 dissimulatus
471 271 479 295 ,
492 235 600 283 victoria
609 249 654 300 per
663 234 793 286 nutritium
802 233 905 296 sudata,
916 248 943 284 et

52 326 102 360 mor
115 309 208 359 Sorisr
225 308 394 373 arguebantur
406 325 413 355 :
425 324 472 356 uec
488 306 563 356 dubie
580 307 778 373 repetundorum
795 309 943 356 criminibus

49 382 177 432 herebant:
187 380 233 431 sed
243 393 333 430 euuets
345 382 481 445 questione
491 380 630 442 maiestatis
640 384 766 445 exercita,
777 393 802 432 et
810 383 884 431 Silius
893 384 943 432 im-

47 459 173 506 minentem
184 455 372 504 damnationem
383 455 529 503 volunterio
539 453 587 502 fine
596 457 733 520 praevertit.

73 532 131 580 XX.
148 529 283 579 Servitium
296 540 381 577 tumen
394 529 421 578 iu
434 530 519 584 bona.
536 545 588 576 nou
601 541 629 578 ut
646 529 816 592 stipendiariis
834 532 944 596 pecunia

47 606 216 658 redderentur,
234 618 341 666 quorum
359 616 436 672 nemo
454 601 604 668 repetebet:
619 601 661 650 ted
677 603 817 652 liberalitas
835 603 945 667 Augusti

46 681 136 744 emisa.
150 678 304 742 computatis
326 675 476 739 singillatim
495 691 548 738 qnae
562 675 621 724 fisco
638 677 805 740 petebantur:
817 693 844 726 en
861 677 945 744 prima

46 752 138 802 Tiberio
148 767 208 814 erga
217 749 352 814 pecuniam
366 749 476 797 alienum
495 747 624 813 diligentie
636 747 692 798 luit.
703 751 774 799 Sosia
787 751 813 799 iu
827 752 946 801 exsilium

48 825 144 891 pellitur
153 823 236 875 Atinii
244 821 313 872 Galli
323 820 447 870 seutentid
454 857 462 883 ,
474 822 518 886 qui
531 833 654 888 upartsm
667 822 793 872 bonorum
807 823 945 889 publican-

48 900 96 946 drur
106 913 180 964 ,pars
188 907 219 944 ut
228 894 315 943 liberis
323 894 533 958 relinqueretur»
545 931 551 953 ,
564 907 696 944 conrueret
706 913 711 943 t
723 897 811 946 contri
821 897 857 946 ld.
868 893 946 962 Lepi-

46 968 83 1018 dnr
103 980 240 1033 «quartam
258 968 467 1028 accusatoribus,
484 966 625 1018 recunditur
642 969 855 1018 uecessitudinem
865 969 945 1034 legis,

46 1056 117 1092 cetera
132 1043 243 1092 liberior
254 1043 390 1090 concessit.
409 1041 484 1090 Hune
496 1059 545 1108 ego
555 1041 698 1107 Lepidum,
714 1043 868 1109 temporibus
879 1043 945 1100 illis,

46 1131 137 1179 gravem
149 1127 175 1163 et
187 1115 326 1180 sapientem
346 1116 431 1162 virum
447 1113 523 1164 luisse
541 1117 680 1182 comperio.
695 1117 758 1166 Nom
777 1118 894 1182 pleraque
912 1113 945 1162 ob

46 1191 106 1238 seris
120 1187 308 1238 adulationibus
322 1188 432 1236 aliorum
444 1188 471 1236 in
481 1191 573 1239 melius
583 1191 669 1239 ilerit:
682 1207 762 1254 neque
775 1203 858 1240 tamen
872 1202 944 1239 tem-

46 1262 175 1326 peramenti
186 1262 286 1327 egebat,
293 1277 373 1323 qrrum
384 1259 656 1324 equabilisuetoritate
666 1276 689 1311 et
702 1265 777 1328 gratii
790 1265 856 1330 apud
864 1265 945 1313 Tibe-

48 1337 106 1384 rium
122 1338 241 1402 riguerit.
253 1334 329 1384 Unde
341 1333 456 1382 dubitare
474 1351 566 1399 cogor,
581 1335 633 1384 sato
650 1347 675 1383 et
692 1348 757 1384 sorte
770 1337 902 1395 uescendi,
915 1347 946 1384 ut

8 1446 9 1452 ι
47 1425 132 1465 cetera,
146 1413 181 1458 ita
200 1409 349 1474 principum
366 1406 498 1453 inclinatio
509 1408 535 1454 iu
547 1407 610 1464 bos,
626 1405 730 1455 ollrnrio
740 1410 766 1455 iu
782 1411 853 1458 illos:
866 1427 896 1458 en
912 1411 946 1458 sit

48 1483 132 1548 iliquid
149 1485 176 1532 in
195 1481 293 1529 uostris
307 1477 434 1537 consiliis,
450 1477 575 1540 liceatque
588 1478 653 1524 inter·
667 1478 799 1543 abruptam
813 1493 947 1528 contnmn.

47 1560 101 1605 eiam
112 1570 152 1618 ,et
163 1555 281 1605 deforme
293 1552 457 1616 obsequium,
470 1567 576 1616 pergere
587 1552 635 1600 iter
644 1551 782 1600 ambitione
794 1569 821 1600 nc
830 1554 947 1618 periculis

51 1648 157 1680 vacuum.
174 1631 210 1681 At
221 1626 380 1676 Messrtiinus
394 1625 469 1672 Cotta
482 1624 549 1672 bsud
559 1626 643 1674 minue
654 1623 726 1672 cleris
739 1625 888 1688 majoribus,
902 1623 947 1673 sod

50 1688 125 1754 auimo
134 1705 263 1763 diversus,
276 1699 373 1747 censuit
389 1717 402 1743 n
413 1695 555 1745 curcurlum
566 1698 798 1756 senatusconsulto,
817 1711 846 1747 ut
862 1715 946 1762 qnon-

47 1779 245 1842 qrarminsoutes
261 1772 436 1835 magistratus,
448 1782 474 1818 et
486 1771 565 1837 culpre
577 1772 663 1819 slieure
674 1771 766 1829 nescii,
778 1771 946 1837 provinciali·

46 1853 87 1902 bus
95 1865 205 1901 urorum
215 1846 377 1901 criminibus,
390 1843 495 1912 perinde
506 1843 583 1909 quim
594 1845 646 1894 iuis
660 1845 862 1912 plecterentur'n.

72 1927 143 1978 m.
161 1923 255 1973 Actum
265 1918 356 1969 debinc
365 1917 397 1968 de
407 1918 544 1986 Calpurnio
554 1918 658 1981 Pisone,
668 1917 748 1968 nobili
756 1935 784 1966 ac
794 1916 872 1970 leroci
879 1922 944 1972 tiro.

10 2036 11 2039 ,
46 2000 67 2049 1.
75 2011 196 2064 nmque,
207 2005 237 2042 ιιι
246 1990 336 2051 retuli,
349 2006 503 2043 «cessurum
514 2010 540 2049 se
553 1993 616 2044 urbe
626 1994 659 2043 ob
674 1991 794 2044 sindones
809 2007 945 2045 recusato-

10 2102 15 2139 ,
45 2091 95 2124 rum
104 2091 135 2137 u,
150 2074 175 2120 in
191 2079 278 2131 rnatu
288 2069 478 2120 clamitaveratr
490 2081 515 2118 et
524 2069 609 2136 spreti
623 2067 736 2134 potentii
747 2067 878 2134 Auguste,
888 2075 944 2120 tia-

10 2143 17 2215 ,'
35 2148 98 2215 ,bere
115 2145 199 2209 injus
214 2143 393 2208 Urgulaniam,
412 2142 538 2207 domoque
558 2139 864 2210 principis'e'icir'e'eusus
881 2157 944 2194 erut.

10 2218 15 2323 p
46 2223 101 2287 Quo
117 2222 144 2269 iu
156 2233 262 2286 prieneus
276 2217 395 2266 Tiberius
409 2218 519 2266 civiliter
536 2217 627 2267 babuit
640 2235 645 2265 :
659 2219 703 2266 sed
716 2220 741 2265 iu
756 2219 841 2268 animo
856 2218 945 2267 revol-

47 2308 113 2345 reute
123 2296 185 2354 iras,
197 2292 274 2340 etium
283 2291 306 2346 si,
316 2293 426 2356 impetus
435 2289 579 2341 offensionis
589 2293 731 2356 languerat,
743 2294 866 2342 momoria
878 2291 947 2340 valea

11 2416 12 2425 ,
47 2368 91 2416 brt.
107 2364 226 2417 Pisonem
241 2365 274 2429 Q.
289 2364 397 2413 Granius
412 2366 504 2414 secreti
516 2367 639 2414 sermonis
652 2367 792 2422 incusavit,
811 2364 946 2416 advertitur

11 2442 12 2511 l
47 2445 198 2507 maiestatem
215 2438 296 2486 habiri
312 2457 318 2484 :
334 2438 475 2500 udieeitque
491 2456 506 2485 u
522 2440 549 2486 in
566 2439 643 2484 domo
659 2437 713 2498 eius
732 2455 858 2486 venenum
876 2455 945 2496 esse,

45 2533 145 2581 eumque
162 2513 247 2580 gladio
265 2513 406 2560 accinctum
419 2511 530 2558 introire,
541 2509 659 2562 curiarur
673 2525 678 2554 :
693 2510 777 2571 quod,
794 2523 823 2558 ut
835 2515 947 2560 atrocius

12 2606 13 2645 i
46 2607 115 2649 reru,
130 2588 272 2638 tremissum
286 2604 292 2634 :
304 2596 464 2641 ceterorum,
477 2587 532 2646 qun
545 2581 624 2630 multa
635 2583 844 2648 cumulabantur,
855 2577 947 2654 recep'-

11 2664 16 2747 ³,
46 2675 81 2712 tus
89 2676 129 2713 est
141 2677 216 2722 reus,
227 2675 310 2723 neque
319 2671 434 2725 peractus
444 2695 449 2715 .
459 2659 492 2706 ob
504 2668 614 2706 mortem
629 2669 808 2724 opportunum.
825 2658 946 2712 Relatum

13 2753 16 2777 r
47 2750 68 2786 et
79 2739 109 2787 de
124 2737 213 2786 Cossio
228 2736 322 2782 Severo
332 2735 434 2795 exsule,
445 2735 488 2798 qni
497 2731 606 2784 sordide
616 2734 734 2797 originis,
746 2738 861 2787 nraleiicre
871 2742 928 2787 vitre
940 2773 947 2797 ,

46 2813 84 2861 sed
96 2809 186 2862 orandi
201 2806 315 2864 validus,
330 2823 376 2873 per·
389 2807 538 2856 immodicas
551 2807 708 2867 inimicitias,
722 2822 750 2858 ut
763 2810 856 2872 judicio
870 2814 946 2878 iurati
963 2807 965 2810 ’

50 2883 142 2935 renatits
161 2883 263 2932 Cretam
278 2892 454 2938 amoveretur,
472 2877 586 2927 edisceret
598 2899 603 2927 z
616 2893 689 2944 atque
708 2882 760 2930 illic
774 2885 860 2935 endem
879 2888 947 2940 neti-

46 2960 114 3008 tendo
123 2993 130 3017 ,
138 2953 252 3006 recentia
264 2963 397 3014 vetereque
407 2951 465 2999 odia
473 2950 596 3014 advertit3
608 2954 729 3018 bonisqu'e
741 2971 843 3009 exsutue
850 2997 858 3024 ,
869 2961 946 3009 iuter·

48 3035 108 3083 dicto
120 3032 172 3095 igni
182 3041 258 3092 utque
269 3027 346 3091 aqud,
356 3043 417 3076 saxo
428 3025 544 3091 Seriphio
555 3031 698 3077 consenuit.
786 3092 789 3097 ι

75 3105 159 3157 XXII,
177 3102 311 3152 Periclem
331 3115 431 3165 tempus
447 3101 563 3165 Plautius
580 3102 697 3150 Silvanus
717 3115 822 3168 pruriet,
843 3104 948 3150 incertis

50 3182 138 3242 erosis,
151 3175 292 3243 Aprouiam
304 3173 435 3239 conjugem
447 3177 473 3222 in
483 3189 593 3240 praeceps
605 3175 677 3242 jecit,
691 3185 834 3238 tractusque
846 3177 878 3222 ad
890 3177 947 3222 Cae·

51 3269 123 3303 sarem
133 3252 165 3301 sb
173 3251 206 3298 L.
219 3248 332 3314 Apronio
344 3263 445 3302 socero,
460 3248 563 3294 turbati
575 3259 658 3296 mente
668 3249 815 3312 respondit,
827 3260 947 3308 tanquam

54 3328 123 3390 ripse
139 3337 229 3373 somno
245 3323 342 3385 gravis,
358 3331 432 3382 utque
444 3319 475 3367 eo
491 3321 591 3383 ignarus
597 3356 605 3382 ,
622 3333 648 3368 et
662 3338 724 3367 uror
735 3317 823 3380 spont'e
839 3329 947 3363 mortem

53 3398 225 3466 sumpsisset».
243 3392 304 3450 tion
315 3389 463 3469 cunctanter
477 3392 596 3444 Tiberius
612 3393 694 3458 pergit
710 3391 736 3439 iu
754 3388 873 3450 domum,
889 3389 949 3434 visit
