2100 3709
303 93 305 101 ’
333 99 593 166 annitentibus.
612 100 679 139 nr.
912 89 964 143 215

31 189 157 257 peiani,
177 185 416 253 collegiaque,·que
432 195 518 233 contra
539 184 607 248 leges
626 182 806 239 instituerant,
825 181 959 233 dissoluta.

33 263 199 328 divinem,
208 272 233 309 et
242 260 285 324 qui
292 259 334 307 alii
341 257 494 308 seditionem
503 256 664 304 conciverant
671 290 678 314 ,
685 254 773 303 exsilio
782 255 883 304 multati
892 264 961 302 sunt.

72 333 187 384 xvttl.
204 333 292 384 Motus
309 344 397 380 senatu
415 343 441 380 et
458 329 552 380 Pedius
567 329 675 387 blesus,
689 326 863 376 accusantibus
879 327 964 393 Cyre-

38 407 192 476 nensibus,
207 425 222 456 c<
231 405 357 454 uiolatum
371 403 403 452 nb
415 419 446 454 eo
459 396 605 452 thesaurum
619 399 768 466 AEsculspii‚
787 399 964 464 delectumque
996 398 999 405 ’

41 479 193 530 militarem
206 481 289 546 pretio
305 490 332 526 et
352 479 489 528 ambitione
507 486 660 542 corruptum
669 491 696 522 r).
713 471 794 522 Iidem
810 472 965 538 Cyrenenses

42 570 127 602 reum
140 553 250 618 agebant
266 550 379 600 Acilium
390 549 554 608 Strabonem,
565 544 682 612 praetorii
693 555 818 612 potestate
829 560 919 604 usum,
938 556 966 596 et
1014 590 1016 597 ,

44 629 163 678 missum
181 629 375 693 disceptatorem
394 623 408 672 si
426 615 534 672 Claudio
549 636 682 687 agrorum,
699 635 763 684 quos
776 619 843 685 regis
859 618 966 685 Apionis

45 699 187 764 quondam
199 699 315 757 habitos,
326 710 351 747 et
360 691 456 764 populo
464 698 581 748 Romano
591 710 651 742 cum
660 708 739 758 regno
748 691 862 755 relictos,
875 691 967 758 proxi-

48 789 112 822 mus
125 773 234 837 quisque
246 787 375 838 possessor
387 772 547 825 invaserant.
560 766 708 830 diutinique
716 764 818 826 licentii
829 777 855 814 et
863 764 967 829 injurii,

49 845 128 910 quasi
137 846 194 909 jure
204 855 230 894 et
238 861 323 910 equo,
336 844 493 893 nitebantur.
505 841 588 908 Igitur
593 838 748 910 abjudicatis
760 838 842 902 agris,
852 851 908 887 orte
918 837 967 886 ad-

51 936 146 969 versus
163 918 274 984 judicem
291 911 385 968 inri'slia
396 936 401 967 ι
413 929 439 967 et
451 929 566 975 senetur,
580 915 693 980 «ignota
709 911 760 969 sibi
774 927 829 960 esse
846 912 966 978 maudatp

53 991 163 1044 Claudii
168 1031 177 1054 ,
188 1004 215 1041 et
223 991 407 1042 consulendum
417 991 559 1058 principem
569 1004 600 1046 a,
610 983 751 1054 respondit.
764 985 832 1035 Nero
843 1022 849 1044 ,
860 988 968 1054 probati

52 1067 190 1116 strahonis
208 1067 344 1124 sententii.
357 1083 372 1114 u
382 1082 409 1114 se
422 1064 590 1114 nihilominus
604 1060 740 1110 subvenire
750 1059 840 1120 sociis,
852 1071 879 1109 et
891 1076 968 1122 atsur·

53 1153 118 1208 pata
133 1140 293 1190 concedere»
304 1139 414 1204 scripsit.
467 1180 471 1187 .

91 1213 171 1263 XIX.
187 1214 332 1280 Sequuntur
344 1213 458 1260 virorum
468 1207 606 1256 illustrium
617 1215 728 1265 mortes,
737 1203 845 1255 Domitii
856 1203 928 1265 Afri,
940 1213 968 1256 et

55 1288 95 1336 ll.
108 1283 227 1346 Servilii,
241 1286 284 1350 qui
299 1283 405 1334 ssrmmis
418 1281 573 1336 honoribus,
587 1277 705 1326 etmulti
716 1277 860 1341 eloquentia
877 1281 968 1345 rigue-

56 1372 126 1412 rant.
136 1359 183 1408 Ille
194 1359 291 1409 orando
300 1374 397 1413 causas,
409 1354 533 1404 Servilius
542 1349 586 1399 did
598 1349 664 1412 foro,
674 1365 735 1398 mox
749 1349 878 1400 tradendis
888 1353 966 1402 rebus

58 1436 184 1485 Romanis
193 1435 311 1492 celebris,
320 1446 347 1483 et
354 1429 479 1498 elegantil
488 1429 546 1478 vita
552 1439 629 1492 quam
639 1423 772 1472 clariorem
781 1423 874 1484 effecit,
882 1437 911 1474 ut
919 1442 967 1492 pst
1020 1479 1026 1489 ,

57 1509 177 1574 ingenio,
193 1510 226 1558 ita
240 1524 340 1558 morum
352 1503 476 1556 dives-slis.

93 1581 161 1632 XX.
178 1582 277 1640 Nerone
289 1578 424 1646 qusrtism,
434 1576 642 1630 CornelioCosso
653 1587 718 1622 coss.
732 1570 918 1635 quinquennale
925 1571 972 1618 lu-

60 1655 163 1705 dicrum
172 1652 256 1704 Rome
267 1655 413 1704 institutum
427 1662 478 1715 est,
488 1649 522 1699 ad
532 1665 631 1698 morena
642 1645 723 1707 Greci
734 1641 892 1713 certaminis,
901 1646 971 1695 varta

59 1728 144 1796 lam35
158 1741 188 1780 ut
202 1727 388 1779 cuncta‘lerrhb
401 1744 477 1778 nora.
493 1725 593 1792 Quippe
607 1732 695 1784 eraut,
712 1720 756 1784 qui
772 1735 789 1766 a
800 1718 849 1768 (lu.
867 1733 970 1782 quoque

59 1804 215 1869 Pompeium
235 1803 378 1854 incusatum
397 1801 412 1852 d
431 1800 572 1851 senioribus
588 1795 713 1866 ferrent,
736 1789 807 1856 qubd
825 1806 971 1842 mansuram

60 1877 157 1926 theatri
170 1871 256 1926 sedem
266 1879 407 1943 posuisset:
421 1892 479 1925 nam
490 1884 564 1922 autea
575 1869 702 1920 subitariis
713 1864 851 1933 gradibus,
860 1875 886 1920 et
897 1860 971 1911 sceui

62 1951 90 1998 in
106 1961 206 2015 tempus
219 1951 330 2014 structi,
341 1948 417 2000 ludos
427 1950 468 2000 edi
484 1948 572 1997 solitos
585 1962 591 1992 :
608 1943 649 1993 vel
663 1943 685 1991 si
698 1939 838 1989 vetustiora
856 1945 972 2006 repetat,

62 2033 176 2072 stantem
193 2024 316 2088 populum
332 2022 501 2088 spectatiore:
517 2036 563 2078 ne,
582 2019 604 2066 si
621 2013 780 2074 consideret,
797 2009 898 2060 theatro
918 2005 973 2082 dies

64 2108 135 2146 totos
145 2096 244 2161 ignarii
256 2095 423 2146 continuaret.
435 2093 641 2158 Spectaculorum
652 2087 755 2152 quidem
769 2083 906 2147 antiquitas
919 2096 975 2130 ser-

9 2208 18 2212 -
65 2182 183 2230 voretur,
194 2172 317 2234 quotiens
332 2177 450 2234 pretores
462 2165 579 2220 ederent,
595 2161 666 2210 nulla
680 2161 799 2221 cuiquam
816 2155 975 2203 civium‘ne·

65 2247 185 2294 cessitate
197 2241 319 2294 certandi.
333 2237 451 2290 Ceterum
460 2237 568 2286 abolitos
577 2233 698 2302 paulatim
706 2231 801 2296 patrios
809 2244 903 2284 mores,
912 2224 974 2275 fun-

63 2317 137 2368 ditias
147 2319 226 2368 everti
237 2334 282 2384 per
291 2317 395 2365 accitam
405 2311 550 2368 lasciviam,
562 2321 605 2367 ut,
614 2303 685 2372 quod
692 2319 798 2368 usqusm
807 2299 937 2364 corrumpi
946 2309 974 2352 et

67 2408 234 2458 corrumpere
247 2403 335 2456 queat,
346 2390 371 2437 in
380 2387 442 2435 urbe
454 2385 562 2447 visatur,
571 2383 753 2446 degeneretque
764 2374 856 2424 studiis
864 2371 977 2420 externis

65 2466 201 2530 juventus,
216 2465 358 2530 gymnasia,
371 2472 397 2509 et
410 2460 477 2517 otia,
490 2446 516 2506 bt
527 2468 613 2521 turpes
627 2463 725 2500 amores
739 2445 893 2507 exercendo,
905 2443 978 2508 pain-

68 2541 126 2606 cipe
138 2551 166 2588 et
179 2551 267 2592 senatu
279 2535 424 2585 auctoribus
435 2549 441 2580 z
451 2533 494 2596 qui
505 2547 556 2578 non
568 2526 646 2577 modd
657 2523 786 2572 licentiam
799 2519 868 2566 vitiis
879 2515 977 2582 permi-

69 2615 164 2672 serint,
180 2611 222 2660 sed
236 2611 288 2658 rim
300 2607 435 2658 adhibeant
447 2622 453 2652 t
466 2611 584 2670 proceres
595 2596 720 2656 Romani,
735 2593 818 2659 specie
831 2590 977 2637 orationum

71 2697 97 2736 et
109 2687 250 2736 carminum
260 2721 267 2746 ‚
278 2681 351 2734 sceui
363 2683 510 2747 polluantur
522 2696 528 2726 :
541 2676 604 2744 quid
615 2687 761 2740 superesse,
771 2669 821 2717 nisi
833 2677 861 2714 ut
871 2679 979 2730 corpure

70 2765 173 2824 quoque
188 2758 299 2818 nudent,
312 2767 337 2805 et
347 2750 599 2811 caestus'adsumsnt,
613 2762 703 2810 easque
715 2757 813 2810 pugnas
828 2755 873 2804 pro
888 2733 981 2787 militi&

71 2845 99 2882 st
108 2835 186 2884 annis
196 2829 366 2892 meditentur?
378 2829 420 2880 An
432 2815 555 2892 iristitiam
567 2823 678 2890 augurii,
691 2828 717 2869 et
728 2817 844 2867 decurias
853 2813 981 2878 equitum,

71 2910 203 2974 egregium
212 2905 341 2968 iudicandi
354 2919 447 2952 munus
458 2901 618 2966 expleturos,
630 2899 650 2946 si
660 2896 753 2944 fractos
763 2906 838 2938 sonos
852 2894 878 2936 et
891 2886 984 2934 dulce·

72 2981 161 3031 dinem
169 2997 262 3031 vocum
271 2977 351 3046 perite
361 2973 608 3026 audissenthoctes
615 2985 718 3036 quoque
729 2965 850 3015 dedecori
856 2961 966 3024 adiectas
975 2993 983 3016 ,

72 3055 186 3122 nequod
198 3067 298 3121 tempus
307 3051 400 3119 pudori
408 3047 582 3114 relinquetur',
591 3046 650 3105 sed,
661 3053 727 3102 coetu
740 3037 899 3105 promiscuo,
911 3027 981 3093 (111οἂ

73 3130 384 3194 perditissimusquisque
395 3143 439 3192 per
454 3123 522 3176 diem
538 3118 725 3186 concupiverit,
741 3129 786 3180 per
802 3107 918 3160 tenebras
931 3119 982 3151 au-

74 3201 167 3254 deat».
453 3222 455 3231 ι

107 3277 186 3327 XXI.
203 3275 321 3332 Pluribus
338 3273 391 3340 ipsa
401 3239 504 3320 licentio
515 3266 645 3332 placebat,
656 3279 691 3309 ac
712 3271 800 3307 tamen
813 3253 918 3332 hcnesta
932 3245 984 3297 no-

4 3368 10 3412 .’
61 3352 148 3414 ‘mina
162 3345 357 3424 ,praetendebant
368 3363 377 3394 t
390 3343 520 3415 ablajores
538 3351 641 3411 qunque
655 3338 715 3383 non.
724 3327 884 3378 abhorruisse
902 3334 979 3394 spec·⁸
