2100 3709
245 1 247 4 ’
272 1 516 64 ιιιιιοιιιιιιιιιι
535 21 608 74 ιιι.
632 23 687 84 ιιι.
862 8 935 82 ‘587

20 111 94 162 tnixti
110 125 157 178 per
171 108 303 163 tenebras,
315 120 344 155 ut
355 105 407 155 lors
420 106 513 154 tulerat
525 122 532 154 ι
545 105 723 170 praetorianum
734 105 855 156 vexillum
867 125 932 172 pro-

25 189 121 234 ximum
133 185 266 247 tertianiS,
260 202 265 210 ·
277 181 393 230 cohortes
402 181 554 229 auxiliorum
562 180 589 228 in
598 179 715 228 cornibus
726 197 732 226 ι
743 181 819 230 latera
829 194 935 247 asterga

24 259 111 322 equite
121 255 284 304 circumdata.
294 255 354 302 Sido
362 265 437 316 atque
444 252 562 301 Italicus·
557 253 663 319 ,Suevi,
673 268 731 300 cum
740 251 844 304 delectis
851 273 935 322 popu-

24 331 134 392 larium,
146 330 252 396 primori
265 330 290 375 in
303 328 356 375 acie
368 328 542 376 versabantur

53 403 142 452 XXII.
163 403 197 452 At
220 403 372 453 Vitellianus
392 402 534 459 exercitus,
558 398 599 450 cul
616 387 776 464 acquiescere
795 402 939 462 Cremonae,

23 491 48 527 et
67 478 215 544 reciperatis
233 479 290 526 cibo
308 494 448 542 somnoque
469 478 579 536 viribus,
598 475 741 524 conlectum
757 477 841 541 algore
860 489 937 542 atque

25 550 111 599 inedia
121 553 221 601 bostem
231 588 236 608 ,
247 551 349 617 posteri
362 549 402 598 die
411 552 544 616 profligare
553 587 560 608 ,
570 567 599 596 cc
610 565 730 614 proruere
742 551 806 598 ratio
818 551 864 599 luit
875 568 883 615 5
895 554 940 600 in·
956 565 962 570 ⁴

26 624 100 690 digus
115 627 237 689 rectoris,
255 625 327 690 inops
344 625 460 687 consilii,
473 622 547 672 terris
564 621 641 670 ferme
658 623 739 670 noctis
750 621 829 682 bord,
845 628 948 690 paratis⁸

26 697 263 764 qamdrsposrtrsque
271 696 413 745 Flavianis
408 698 565 762 impingitur.
575 695 697 744 Ordinem
707 697 826 760 agminis,
842 695 942 762 disjecti

27 787 72 836 per
82 773 149 819 iram
160 787 189 818 ac
202 771 335 827 tenebras,
347 770 497 818 adseverem
509 786 560 818 non
571 771 671 828 ausim:
683 786 826 833 quanquam
839 771 881 819 alii
890 785 943 820 tra-

29 844 159 904 diderint,
174 865 188 896 ιι
198 856 323 910 quartam
318 831 534 904 Macedonicam,
546 843 636 892 dextro
649 859 752 892 snorum
761 861 945 910 cornu‚qum

28 930 98 980 tam,
119 930 144 967 et
159 917 421 982 quintamdecrmam
434 933 493 966 cum
505 917 607 970 vexillis
618 933 707 974 nonae
723 917 903 983 secundaeque,
919 930 945 969 et

29 991 168 1049 vicesimae,
183 992 387 1039 Britannicarum
404 990 552 1055 legionum,
564 989 674 1040 mediam
693 993 772 1042 eciem
782 1010 789 1058 5
800 993 946 1042 sextadeci-

29 1081 120 1114 manos
138 1059 451 1126 duoett·icesimanosque,
474 1075 500 1111 et
520 1065 651 1128 prImanos
667 1063 757 1112 laevum
777 1081 855 1114 cornu
872 1083 946 1116 com-

29 1141 113 1206 plesse
123 1156 147 1187 ι).
159 1141 272 1204 Rapaces
282 1150 357 1201 atque
369 1137 454 1184 Italici
464 1137 582 1184 omnibus
594 1151 620 1184 se
632 1137 768 1200 manipulis
780 1141 944 1190 miscuerant.

30 1214 129 1277 Eques,
144 1207 303 1274 auxiliaque,
315 1211 361 1257 sibi
372 1209 421 1274 ipsi
429 1209 515 1256 locum
524 1207 615 1272 legere.
627 1207 742 1256 Praelium
752 1212 806 1260 tota
816 1226 889 1264 nocte
900 1232 947 1262 va.

31 1288 115 1344 rium,
128 1279 233 1350 anceps,
245 1295 317 1332 atrox
330 1301 337 1346 5
349 1281 407 1338 his,
421 1279 508 1328 rursus
521 1281 571 1327 illis'
582 1314 588 1336 ,
601 1281 737 1328 exitiabile.
752 1283 950 1346 Niliilanimus,
978 1292 984 1304 “

33 1370 77 1410 aut
89 1375 197 1418 manus,
209 1356 320 1424 ne'oculi
332 1354 436 1419 quidem
455 1355 560 1423 provisu
576 1352 695 1415 juvabant
715 1371 720 1400 ι
736 1353 825 1402 eadem
841 1357 949 1422 utreque

34 1433 88 1480 acie
99 1447 169 1479 arma
182 1450 187 1480 ε
201 1431 296 1496 crebris
311 1427 553 1492 interrogationibus
563 1437 652 1474 notum
664 1441 751 1490 pugnas
763 1428 860 1491 signum
872 1449 876 1479 :
891 1449 950 1496 per.

34 1505 115 1552 mixta
125 1504 233 1558 vexilla,
242 1502 383 1566 utquisque
393 1501 496 1564 globus,
509 1510 582 1564 capta
591 1515 623 1546 ex
632 1498 763 1564 hostibus,
775 1501 823 1549 buc
833 1505 871 1551 vel
884 1505 944 1552 illuc

34 1579 158 1644 raptabat⁴
172 1577 316 1643 Urgebatur
328 1571 436 1626 maxime
449 1575 555 1638 septima
565 1573 632 1637 legio
642 1609 647 1628 ,
658 1589 738 1639 nuper
750 1573 764 1626 'a
776 1573 857 1624 Garbe
868 1593 946 1626 cons-

35 1654 126 1716 cripta.
139 1651 223 1699 Occisi
236 1667 279 1699 sex
289 1650 432 1716 primorum
443 1647 561 1696 ordinum
574 1648 749 1713 centuriones5
764 1650 866 1716 abrepta
879 1669 948 1716 quae·

40 1724 101 1773 dam
116 1725 185 1792 signa
198 1743 204 1774 ε
218 1725 298 1790 ipsam
318 1722 430 1786 aquilam
450 1722 545 1770 Atilios
564 1721 664 1780 Verus,
678 1723 803 1788 primipili
819 1727 955 1786 centurio,

39 1798 122 1848 multa
132 1816 189 1849 curn
199 1798 312 1848 bostium
325 1810 421 1863 strage,
433 1806 459 1845 et
470 1796 502 1847 ad
513 1806 655 1846 extremum
665 1797 791 1855 moriens,
801 1813 953 1854 servaverat.

73 1872 171 1920 XXIII.
180 1873 303 1921 Sustinuit
310 1871 441 1919 labantem
451 1872 532 1919 aciem
540 1869 676 1929 Antonius,
686 1873 771 1928 accitis
783 1874 936 1936 praetorianis
946 1891 952 1920 ι

40 1946 100 2012 qui,
112 1948 157 1995 nbi
165 1948 285 2013 excepere
297 1962 418 2011 pugnam,
427 1948 528 2011 pellunt
538 1945 653 2005 hostem,
664 1947 872 2013 deturpelluntun
880 1950 958 1998 Nam·

43 2038 93 2085 que
105 2021 237 2071 Vitelliani
253 2030 380 2068 tormenta
395 2019 421 2064 in
436 2035 554 2082 aggerem
566 2022 609 2068 viae
622 2023 792 2081 contulerant,
808 2036 834 2069 ut
845 2025 894 2072 tela
911 2039 958 2071 ra-

42 2111 93 2142 cuo
101 2100 178 2158 'atque
189 2104 276 2160 aperto
292 2101 486 2146 excuterentur,
497 2089 610 2154 dispersa
624 2089 706 2153 primo
716 2127 723 2149 ,
734 2103 759 2138 et
770 2095 878 2142 arbustis
888 2130 894 2150 ,
904 2098 959 2146 sine

17 2167 19 2171 ’
37 2164 158 2216 bostium
169 2167 248 2230 ιιοιιὲι,
260 2167 335 2214 illisa.
347 2161 522 2229 Magnitudine
533 2161 626 2210 eximin
640 2162 837 2224 quintaedecimae
853 2168 958 2230 legionis

44 2243 150 2303 balista,
165 2240 311 2307 ingentibus
326 2239 391 2289 saxis
407 2236 528 2288 hostilem
540 2238 620 2284 aciem
632 2237 784 2302 proruebat:
796 2238 960 2302 latequecle-

17 2368 18 2371 Ἴ
46 2313 107 2362 dem
117 2316 254 2378 intulisset,
266 2315 292 2361 ni
304 2312 355 2360 ‹luo
367 2312 470 2377 milites,
486 2311 630 2377 preclarum
645 2309 738 2358 lacinus
750 2313 813 2370 arisi,
829 2315 934 2379 arreptis
947 2315 962 2364 ὲ

44 2398 129 2453 strage
137 2389 215 2437 scutis
224 2389 341 2452 ignorati,
351 2386 434 2432 vincla
446 2392 475 2432 a'c
482 2386 631 2434 libramenta
640 2395 825 2436 tormentorum
834 2387 958 2436 abscidis-

16 2464 19 2482 *
46 2472 121 2509 sent:
136 2461 223 2508 statim
236 2459 344 2509 confossi
362 2470 436 2515 sunt,
453 2457 533 2522 edque
546 2457 698 2506 intercidere
711 2461 812 2506 nomina
825 2478 830 2505 ι
843 2459 874 2508 de
892 2456 960 2510 facto

43 2533 116 2584 haud
126 2536 272 2601 ambigitur.
282 2532 378 2594 Neutro
388 2533 554 2581 inclinaverat
565 2533 672 2592 fortuna,
683 2533 763 2580 donec
773 2533 859 2581 adultis
868 2545 959 2601 nocte,

45 2609 109 2655 luna
125 2624 230 2672 surgens
242 2608 386 2655 ostenderet
395 2608 478 2664 acies,
493 2606 651 2689 falleretqne.
663 2606 712 2654 Sed
727 2607 851 2654 Flavianis
865 2608 960 2672 sequior·

49 2680 167 2744 emerge:
181 2681 241 2731 bine
253 2681 361 2744 majores
373 2696 496 2743 equorum
510 2680 673 2744 virorumque
683 2680 786 2748 umbrae,
805 2692 830 2727 et
842 2680 918 2745 falso,
933 2694 965 2732 ut

51 2757 79 2803 in
96 2771 218 2821 cor·,pora
230 2758 298 2813 ictu,
310 2754 701 2803 telabostiumcitracadebant:
713 2720 963 2808 Vitellianiadverso

49 2828 151 2875 lumine
160 2829 328 2887 collucentes,
337 2827 408 2877 velut
419 2843 449 2874 ex
460 2828 561 2875 occulto
575 2826 769 2951 jaculantibus,'
763 2828 858 2876 incauti
871 2827 963 2878 offere·
985 2859 987 2866 =

50 2902 155 2949 bantur.

88 2975 188 3022 XXIV.
201 2975 280 3038 Igitur
293 2968 435 3037 Antonius
446 2972 491 3022 nbi
505 2989 608 3021 noscere
621 2989 679 3022 suos
687 2974 828 3036 ,nosciqm
847 2983 948 3039 poterat

16 3071 19 3089 ι
55 3043 270 3115 alrospudoieet
275 3051 409 3119 probris
405 3047 741 3109 multoslaudeethortatu,
752 3063 840 3094 onmes
852 3063 894 3112 spe
904 3063 963 3112 pro

53 3123 189 3186 missisque
203 3123 359 3180 accendens,
373 3141 421 3172 cnr
433 3126 489 3173 rari
503 3127 677 3186 scripsissent
692 3119 795 3172 ovina?
806 3122 963 3171 Pannonicas

47 3197 174 3261 'legiones
186 3196 369 3279 interrogabat:
384 3195 466 3243 oillos
476 3212 529 3242 esse
542 3211 657 3260 campos,
672 3194 799 3255 inquibus
814 3193 913 3242 abolere
926 3195 948 3241 la
958 3220 971 3231 -

58 3270 119 3320 bem
136 3267 226 3336 prioris
245 3269 401 3334 ignominiae,
414 3269 459 3318 ubi
472 3283 612 3336 reciperare
629 3269 732 3332 gloriam
749 3261 884 3330 possent».
899 3267 966 3316 Tum

637 3349 641 3360 ·
749 3339 827 3391 Ra
