2100 3709
98 99 149 156 aab
374 70 382 86 ⁰
408 107 434 146 s.
451 107 548 145 coar.
570 99 693 146 racrrr
756 73 764 80 ’
1029 27 1032 149 i

95 177 276 262 Cappadocum
289 204 319 240 ex
330 186 478 249 nobilitate,
494 190 562 256 regis
575 189 692 240 Archelai
707 205 790 256 nepos
802 228 809 253 ,
821 192 866 245 „a
878 193 949 260 (μω
964 195 1012 246 di„
1030 176 1031 189 ²

97 271 171 320 obses
180 266 248 334 apud
256 265 345 314 urbem
354 261 448 323 luerat,
455 277 535 326 usque
543 262 576 311 ad
585 265 703 312 servilem
713 267 862 328 patientiam
872 268 1008 321 demissus.

97 345 150 395 Nec
162 356 285 391 consensu
295 349 429 404 acceptus,
440 337 547 386 durante
559 335 628 402 apud
637 336 761 402 quosdam
771 338 857 389 furore
870 341 1008 390 Arsaeida-
1031 358 1032 379 l

96 433 165 468 rum:
179 427 206 463 at
215 413 299 480 pleriq
308 427 338 460 ue
356 411 500 477 superbiam
511 407 664 459 Parthorum
674 412 771 475 perosi,
782 412 872 462 datum
881 414 895 463 i
905 417 1006 464 Roma.
1031 394 1032 471 ]

95 494 135 543 nis
155 506 240 556 regem
257 487 394 537 malebant.
412 484 538 535 Additum
555 496 580 534 et
596 486 740 551 presidium
747 525 757 548 ,
772 488 844 537 mille
856 491 1006 556 legionarii,

95 579 147 617 tres
160 559 286 613 sociorum
298 558 415 620 cohortes
425 594 431 616 ,
442 557 547 624 duaque
556 560 672 623 equitnm
683 560 743 609 alar:
757 572 782 610 et
790 561 841 626 qud
852 563 953 615 iaciliirs
962 583 1006 615 no·
1032 572 1034 591 ³

82 655 155 703 ¹vum
171 651 276 702 regnum
291 642 418 692 tueretur,
432 647 490 697 pars
502 630 647 694 Armeniae,
661 642 689 681 ut
707 634 797 698 cuique
810 636 933 695 linitIma,
945 655 1003 705 pars

93 713 231 778 Nipolique
244 719 269 758 et
278 705 427 757 Aristobulo
437 715 512 770 atque
523 706 652 754 Antiocho
667 723 756 772 parere
767 708 840 769 iussae
851 722 923 761 suntt
936 713 1004 761 Cor-

93 787 156 838 bulo
167 787 193 834 in
203 784 299 850 Syriam
308 780 443 840 abscessit,
455 791 538 830 morte
550 778 676 829 Ummidii
687 781 765 847 legati
775 798 897 842 vacuam,
909 801 939 834 nc
952 786 1004 835 sibi

113 873 252 910 ermrsram.
665 890 666 893 =

93 877 111 930 P
126 928 237 983 xxvn.
254 925 351 978 Eodem
367 942 448 984 anno,
465 939 496 974 ex
510 923 732 977 illustribnsAsie
744 928 849 978 nrbihns
857 967 864 991 ,
875 929 1003 984 Laodicea

93 1018 210 1073 tremore·
220 1013 292 1052 terre
307 1000 437 1066 prolapsa,
448 999 523 1066 nullo
532 999 547 1049 i
556 1001 632 1050 nobis
643 1001 772 1061 remedio,
786 1006 896 1070 propriis
907 1005 1002 1072 opibus

92 1079 212 1130 revaluit.
228 1075 263 1127 At
280 1075 308 1125 in
322 1074 410 1135 tratis,
425 1086 498 1124 vetus
516 1075 639 1142 oppidum
654 1075 772 1138 Puteoli,
785 1077 824 1138 ius
837 1079 945 1129 colonie
955 1117 962 1143 ,
974 1091 1002 1129 et

91 1161 289 1218 sognomentum
299 1149 420 1198 ltNerone
430 1147 619 1214 adipiscuntur.
629 1147 750 1202 Veterani
759 1151 897 1200 Tarentum
907 1165 933 1202 et
941 1151 1001 1201 An-

90 1227 157 1276 tium
170 1223 305 1290 adscripti,
318 1239 370 1272 non
382 1223 467 1273 tamen
479 1222 654 1288 infrequentia
662 1224 777 1272 locorum
788 1223 927 1274 subvenere
939 1262 945 1282 ‚
956 1225 1000 1275 di-

86 1301 163 1364 lapsis
178 1298 294 1364 pluribus
311 1298 337 1346 iu
351 1297 508 1363 provincias,
523 1299 551 1346 in
566 1298 658 1363 quibus
674 1297 801 1363 stipendis
822 1297 999 1362 expleverant.

88 1371 177 1436 Neque
190 1371 312 1436 noniuins
322 1369 504 1438 suscipiendis,
522 1387 604 1436 neque
614 1369 711 1421 alendis
725 1372 813 1420 liberis
824 1368 904 1431 sueti,
921 1371 997 1421 orbas

88 1446 144 1495 sine
153 1445 262 1512 posteris
274 1441 364 1492 domos
375 1445 561 1510 relinquebant.
571 1445 630 1493 Non
640 1446 725 1502 enim,
737 1455 767 1494 nt
781 1444 859 1501 olim,
869 1443 997 1493 universa

87 1519 198 1584 legiones
212 1516 417 1577 deducebantur,
429 1535 489 1568 cum
498 1520 605 1567 tribunis
615 1529 642 1566 et
650 1518 841 1574 centurionibus
849 1553 856 1577 ‚
863 1528 890 1565 et
898 1518 937 1565 sni
948 1535 994 1566 cn-

86 1591 175 1657 jusque
186 1590 281 1640 ordinis
293 1591 416 1640 militibus
426 1626 433 1647 ,
442 1601 602 1638 utconsensn
611 1599 636 1636 et
645 1591 748 1637 caritate
758 1589 945 1656 rempublicam
955 1589 995 1639 ei-

86 1666 202 1726 ficerent3
220 1663 265 1712 sed
280 1664 361 1726 ignoti
378 1664 444 1710 inter
455 1677 497 1717 se,
515 1660 621 1708 diversis
637 1661 792 1726 manipulis,
811 1665 866 1712 sine
879 1674 992 1728 rectore,

85 1741 139 1790 sine
151 1735 283 1787 affectibus
293 1734 402 1790 mutuis,
414 1733 487 1796 quasi
498 1747 530 1780 ex
538 1732 589 1782 alio
598 1749 688 1798 genere
696 1735 844 1784 mortalium
851 1737 956 1803 repenti
966 1738 993 1787 in

85 1827 166 1862 unum
176 1809 291 1874 collecti,
300 1821 421 1854 numerus
433 1807 525 1870 magis,
534 1805 610 1870 quim
619 1806 730 1855 colonis.

55 1933 61 1938 ,
117 1883 240 1934 XXVIII.
262 1879 371 1928 Comitia
386 1888 535 1943 pratorum,
555 1878 661 1926 arbitrio
679 1877 780 1928 senatrls
793 1877 883 1932 baberi
900 1883 991 1943 solita,

83 1956 154 2023 qudrl
169 1955 263 2003 acriore
275 1949 372 1998 ambitu
386 1962 544 2007 exarserant,
555 1951 673 2016 princeps
688 1955 927 2018 composuitmes,
945 1957 992 2023 qui

82 2045 158 2094 supra
169 2039 301 2074 numerum
313 2023 448 2088 petebant,
458 2023 554 2088 legioni
564 2023 732 2090 preficiendo.
746 2026 874 2090 Auxitque
884 2040 989 2094 patrum

81 2102 218 2158 honorem,
236 2094 370 2146 statuendo
391 2113 405 2149 ,rr
415 2108 457 2159 ut,
476 2100 521 2160 qui
533 2075 549 2144 b
562 2097 669 2162 privatis
683 2096 809 2160 judicibus
824 2099 857 2146 nd
871 2116 989 2153 senatum

80 2171 300 2242 provocaviment,
315 2170 426 2236 ejusdem
442 2172 554 2238 pecunie
567 2172 710 2237 periculum
723 2170 851 2232 iacerent,
861 2176 933 2239 cnjus
949 2179 987 2236 ii,

80 2250 125 2313 qui
132 2249 308 2314 imperatorem
316 2244 493 2313 appellaveren
502 2264 508 2293 :
517 2259 577 2294 nam
585 2255 657 2292 antea
664 2261 772 2292 vacuum
779 2245 816 2305 id,
824 2246 987 2313 solutumque

79 2322 153 2388 poeni
163 2323 252 2370 fuerat.
259 2321 323 2372 Fine
331 2321 389 2370 anni
395 2321 486 2370 Vibius
491 2318 630 2378 Secundus,
637 2333 712 2383 eques
721 2320 859 2380 Romanus,
866 2337 988 2370 accusan-

78 2395 147 2446 tibus
157 2394 254 2445 Mauris
263 2431 268 2451 ,
277 2391 473 2460 repetundarum
484 2391 632 2449 damnatur,
643 2403 718 2456 atque
728 2389 801 2440 ltatit
812 2393 933 2457 exigitur,
951 2413 984 2444 ne

78 2470 194 2535 graviore
207 2467 279 2535 poeni
294 2461 449 2525 afficeretur',
465 2467 537 2517 Vibii
551 2465 634 2531 Crispi
646 2465 729 2514 fratris
742 2465 834 2531 opibus
846 2467 942 2517 enisus.

109 2542 210 2594 XXIX.
224 2543 337 2592 Caesonio
347 2542 427 2599 Paeto,
437 2539 559 2590 Petronio
569 2539 718 2605 Turpiliano
728 2555 794 2600 coqs.
806 2540 888 2603 gravis
897 2541 983 2591 clades

75 2619 102 2668 ln
117 2617 244 2667 Britannisi
252 2628 364 2684 accepta.
373 2614 402 2664 In
416 2615 466 2682 qui
477 2630 560 2679 neque
568 2613 602 2664 A.
617 2611 708 2661 Didius
716 2613 830 2675 legatus,
841 2622 871 2661 ut
881 2629 983 2662 memo-

16 2711 17 2714 *
75 2691 131 2741 rari
141 2727 149 2752 ,
160 2691 210 2738 niti
223 2700 294 2753 parta
311 2690 466 2747 retinuerat,
478 2700 504 2736 et
518 2701 648 2736 successor
661 2686 800 2743 Veranius,
811 2685 918 2734 modicis
931 2701 981 2736 sx-

52 2822 56 2828 ,
73 2763 190 2813 cursibus
204 2761 296 2810 Siluras
310 2762 458 2827 populatus,
472 2763 533 2825 quin
548 2759 615 2808 ultri
628 2757 725 2806 bellum
741 2757 878 2822 prolatet,
896 2772 981 2810 morte

70 2833 216 2902 prohibitus
233 2844 271 2881 est
287 2849 293 2880 ι
308 2831 412 2897 magni,
428 2832 491 2881 dum
508 2833 586 2898 vixit,
602 2830 745 2880 severitatis
757 2829 837 2893 fana,
853 2835 979 2898 supremis

71 2906 214 2956 testamenti
226 2904 308 2964 verbis
321 2905 465 2955 ambitionis
477 2905 625 2954 manifestus
637 2921 643 2951 ε
653 2905 759 2968 quippe,
769 2906 850 2953 multri
859 2907 885 2955 in
894 2906 979 2954 Nero-

68 2997 129 3030 nem
142 2979 301 3037 adulatione,
314 2977 429 3039 addidit,
441 2997 455 3029 r
465 2980 638 3044 subjecturum
652 2979 675 3025 ei
685 2979 844 3043 provinciam
855 2979 946 3037 inisse,
955 2982 978 3030 si

68 3053 172 3102 biennio
183 3053 416 3120 prosimo·rixisset
423 3069 449 3101 n.
460 3052 510 3102 est
521 3065 575 3102 tum
584 3051 718 3101 Paullinus
730 3053 865 3102 Suetonius
875 3053 977 3102 obtine·

66 3127 112 3177 bat
121 3127 267 3185 Britannos,
283 3125 385 3176 scientis
395 3126 503 3189 militiae,
517 3138 545 3174 et
555 3136 658 3174 rumore
670 3124 772 3189 populi,
787 3124 832 3188 qui
845 3126 974 3174 neminem

66 3203 121 3251 eine
131 3203 222 3252 annulo
235 3202 311 3264 eluit,
329 3201 482 3265 Corbulonis
495 3212 672 3250 concertatorr
684 3209 837 3264 receptaeque
850 3199 973 3248 Armenias

68 3272 144 3324 decus
153 3293 250 3342 equata
260 3274 362 3324 domitis
376 3275 550 3341 perduellibus
562 3277 676 3342 cupiens.
687 3274 768 3338 Igitur
779 3271 885 3320 Monam
899 3275 972 3321 insu.-

67 3348 132 3411 lam,
152 3351 241 3404 incolis
261 3349 389 3414 religitur,
410 3361 438 3402 et
456 3352 647 3423 receptaculum
665 3345 846 3424 periuratum,
871 3344 972 3416 aggredi
