2100 3709
350 9 532 50 truentum
549 13 613 51 cta.
638 17 685 66 vt.¹
924 12 971 64 155

57 93 235 155 centurionis,
252 104 278 145 et
288 85 397 163 Didymi
409 95 497 145 liberti
509 95 638 162 epistola,
650 111 782 150 serrorum
793 103 895 155 nomina
906 123 972 174 pre-

58 171 188 231 ferebant,
201 177 231 221 nt
239 173 297 238 qnia
307 172 481 239 egredientem
492 170 612 222 cubiculo
628 173 740 228 Drusum
755 177 913 242 pulsaverat,
926 199 973 234 ea-

60 254 205 302 terruerat}
221 247 300 294 stiam
316 261 362 295 sus
378 245 455 296 verba
473 247 606 306 centurio,
628 248 726 296 trevirim
746 249 837 316 plena,
854 266 974 323 tanquam

59 318 201 384 egregium,
213 334 338 385 vocesque
348 319 487 370 deficientis
494 321 620 384 adjecerat
627 358 634 380 ,
642 321 790 389 qirisprimb
797 327 975 380 alienationem

58 392 151 441 mentis
159 392 282 443 simulans
290 430 297 456 ‚
306 396 378 458 quasi
385 411 431 460 per
438 394 592 444 dementiam
602 433 608 452 ‚
619 395 718 446 funesta
726 397 830 449 Tiberio
841 420 848 468 3
860 417 920 453 mor
928 405 975 454 ubi

60 481 151 531 exspes
162 467 223 515 vitre
234 465 299 524 tuit,
310 465 459 524 meditatas,
475 469 679 533 compositasque
692 467 758 520 diras
772 473 973 540 imprecabatur:

15 553 16 556 ’
64 550 111 588 cut
122 537 346 604 quemadmodum
359 556 470 601 nurum,
487 540 618 605 filiumque
634 541 736 602 fratris,
749 555 774 592 et
788 557 909 612 nepotes,
926 546 976 598 do—

60 628 184 676 mumque
193 624 299 662 omnem
308 611 419 663 cedibus
434 613 628 679 complevissem
642 615 676 664 ita
687 632 772 680 poenas
782 620 881 668 nomini
895 636 976 686 gene-

59 686 128 750 rique
138 685 273 751 majorum
282 721 290 745 ,
298 699 324 737 et
333 687 442 753 posteris
450 688 623 742 exsolver·etu.'
636 683 814 740 Obturbals'ant
823 691 926 756 quidem
936 711 978 760 pa·

61 771 126 817 tres,
138 757 227 827 specie
235 760 378 813 detestandi
388 781 394 810 t
404 763 451 812 sed
462 763 610 829 penetrabat
619 780 714 830 pavor,
726 776 752 814 et
762 765 910 827 admiratio,
924 763 978 819 cal·

60 835 143 884 lidum
158 837 222 886 olim
234 849 262 887 et
271 838 387 904 tegendis
397 839 536 889 sceleribus
547 840 697 904 obscurum,
710 838 760 892 buc
769 841 927 892 confidentiae
938 859 978 894 re·

62 911 142 969 nisse,
159 923 205 971 nt,
216 925 339 978 tanquam
350 913 461 964 demotis
473 915 626 982 parietibus,
639 915 780 966 ostenderet
794 927 913 983 nepotem
927 921 976 970 suh

62 985 168 1105 perbere
177 988 352 1048 centurionis,
363 989 430 1038 intes
436 1003 569 1041 serrorum
579 990 661 1052 ictos,
672 1000 784 1041 extrema
793 993 977 1046 vitealiments

78 1069 162 1107 tustra
173 1072 300 1111 orantem.
638 1087 641 1094 ’

92 1129 181 1179 XXV.
188 1131 311 1182 Nondum
320 1132 573 1206 indolorexolererat
580 1132 976 1202 quumchgrippindanditnm,

15 1234 16 1237 =
65 1218 140 1267 quam
151 1203 314 1261 ,·interlectc
327 1203 435 1268 Sejsno,
452 1221 496 1272 spe
511 1217 677 1256 sustentatam
691 1210 833 1272 provixisse
846 1229 917 1270 reor.
935 1227 977 1276 et,

65 1287 200 1342 postquam
216 1278 283 1326 nihil
295 1277 327 1326 ds
342 1276 440 1326 revisit
454 1279 649 1356 remittebatur,
664 1282 794 1331 voluntate
806 1287 956 1337 exstinctam
970 1306 976 1339 :

67 1349 166 1411 nisisi,
184 1353 284 1417 negatis
303 1351 448 1409 alimentis,
464 1351 631 1400 adsimulatae
650 1363 688 1400 est
704 1353 758 1402 linis
767 1390 774 1414 ,
791 1356 834 1419 qui
850 1360 979 1411 videretur

15 1435 16 1441 ’
68 1435 155 1488 sponte
171 1437 304 1491 sumptus.
320 1422 459 1472 Enimvero
473 1423 594 1474 Tiberius
607 1423 749 1473 foedissimis
763 1428 979 1484 criminationibus

69 1500 167 1562 exarsit,
174 1494 407 1564 «impudicitiam
416 1511 532 1563 arguens,
543 1493 713 1546 cetAsinium
720 1497 822 1546 Gallum
829 1501 980 1566 adulterum,

70 1573 169 1640 eiusque
179 1587 264 1625 morte
273 1573 306 1622 ad
313 1571 416 1623 tedium
423 1574 481 1623 rite
489 1573 650 1638 compulsam
659 1589 685 1622 u.
696 1571 745 1621 Sed
754 1572 909 1642 Agrippina,
919 1580 981 1644 aequi

72 1645 221 1715 impatiens,
233 1647 382 1700 dominandi
389 1648 478 1708 arida,
490 1647 609 1698 virilibus
618 1648 698 1707 curis,
712 1645 863 1706 feminarum
874 1653 933 1701 vitia
941 1667 982 1702 er·

73 1737 161 1778 suerat.
174 1725 294 1775 «Eodem
306 1723 348 1774 die
358 1723 506 1774 destructum
516 1761 523 1788 ,
538 1739 589 1788 quo
600 1723 705 1772 biennio
718 1723 775 1772 anti
785 1724 888 1788 Sejanus
897 1733 983 1794 poens's

72 1795 176 1857 luisset,
187 1800 364 1863 memoriaque
373 1797 399 1847 id
407 1797 570 1864 prodendum
577 1814 592 1846 n
600 1834 607 1859 ,
616 1795 716 1846 addidit
725 1797 807 1850 Cesar
816 1817 822 1846 ι
831 1799 983 1866 jactavitque

15 1886 16 1935 ζ
75 1872 141 1936 quot
149 1891 202 1924 non
211 1875 301 1939 laqueo
308 1875 475 1940 strangulata,
486 1889 569 1940 neque
582 1873 607 1922 in
617 1872 754 1922 Gemonias
763 1872 874 1940 projecta
884 1874 981 1926 loreto.

71 1946 137 1997 Aetas
148 1949 182 1998 ob
193 1948 218 1996 id
231 1959 326 2014 grates,
338 1947 516 2013 decretumque
531 1935 582 1996 ertit
593 1947 783 2012 quintodecimo
794 1947 920 1998 Kalendas
930 1950 981 1999 No·

15 2043 16 2046 ¹
74 2021 198 2078 rembris,
209 2021 342 2086 utriusque
353 2022 423 2070 necis
433 2021 488 2084 die,
499 2035 545 2087 per
557 2018 641 2068 omnis
651 2035 745 2078 annos,
761 2019 856 2070 donum
870 2022 928 2074 vai
942 2040 983 2073 sa-

15 2134 16 2169 }
75 2106 288 2219 ωΧΥθΧᾞΙἯἎηά
296 2166 380 2218 multd
391 2167 451 2234 pdst
462 2167 582 2217 Cocceius
592 2166 675 2216 Nerva
685 2203 691 2222 .
702 2168 837 2216 continuus
846 2168 983 2238 principis,

77 2243 157 2292 omnis
170 2239 251 2290 divini
270 2241 423 2308 humanique
434 2240 497 2307 juris
515 2241 611 2300 sciens,
623 2240 722 2304 integro
738 2250 819 2298 statu,
832 2256 935 2306 corpore
948 2245 983 2294 il-

75 2318 145 2375 laeso,
157 2315 284 2364 moriendi
296 2317 432 2365 consillum
446 2317 525 2380 c'cpit.
539 2313 615 2380 Quod
626 2325 656 2363 ut
667 2315 771 2364 Tiberio
782 2315 926 2380 cognitum,
938 2317 992 2366 ad·-

14 2380 18 2589 i

79 2391 170 2454 sidere,
182 2405 269 2439 causas
280 2391 423 2455 requirere,
436 2389 529 2438 addere
537 2404 644 2454 preces,
655 2385 731 2436 lateri
741 2389 871 2452 postremi>
887 2406 984 2454 «grave

79 2465 235 2515 conscientiae
244 2471 337 2528 ,grase
346 2463 418 2512 samm
428 2476 493 2518 sna,
505 2461 527 2508 si
538 2461 670 2525 proximus
680 2461 831 2510 amicorum,
843 2462 918 2510 nullis
928 2480 985 2512 mo-

79 2538 159 2590 riendi
170 2539 328 2596 rationibus,
342 2538 420 2586 tritam
432 2534 558 2600 fugeret»
572 2551 577 2581 :
595 2543 730 2582 aversatus,
740 2545 882 2582 sermonem
892 2535 986 2599 Nerva,

81 2612 255 2661 abstinentiam
270 2611 322 2659 sihi
335 2610 477 2675 conjunxit.
495 2608 621 2658 Ferebant
638 2608 707 2674 gnari
721 2606 903 2672 cogitationum
919 2609 985 2674 ejus,

81 2685 171 2751 quantd
187 2684 292 2750 propitia
305 2685 370 2733 mala
382 2683 526 2750 reipublicae
540 2682 648 2741 viseret,
661 2681 716 2746 ire,
731 2691 756 2730 et
771 2687 853 2739 metu,
866 2682 926 2733 dum
943 2685 984 2733 in-

81 2772 155 2826 teger,
164 2759 227 2808 dum
241 2760 394 2817 intentatus,
404 2757 542 2806 honestum
552 2749 632 2804 finem
638 2757 757 2805 voluisse.
769 2753 887 2804 Ceterirm
896 2757 985 2823 Agrip·

82 2835 142 2900 pinae
147 2834 287 2898 pernicies,
297 2830 417 2897 quodvis
427 2830 563 2888 credibile,
575 2829 723 2878 Plancinam
732 2829 816 2880 traxit.
827 2829 913 2896 Nupta
922 2831 984 2878 olim

84 2910 127 2958 Cu.
138 2908 239 2964 Pisoni,
249 2918 275 2956 et
285 2905 371 2972 polim
381 2906 435 2954 laeta
445 2916 528 2964 morte
541 2903 688 2956 Germanici
697 2941 702 2962 ‚
714 2919 791 2968 quum
803 2901 860 2952 Piso
870 2905 985 2968 caderet,

14 2978 19 3007 *
85 2981 199 3048 precibus
207 2978 342 3050 Augustas,
353 2995 399 3028 nec
408 2977 495 3028 minist
501 2977 641 3026 inimicitiis
650 2974 794 3044 Agrippinae
803 2977 903 3026 defensa
913 2987 967 3025 erat
978 2992 985 3023 r

86 3055 223 3118 etodium,
236 3057 316 3120 gratia
330 3053 495 3119 desidte31us
507 3053 588 3102 saluit
601 3070 607 3100 :
621 3053 750 3118 petitaque
760 3051 906 3098 criminibus
916 3047 985 3116 baud

86 3131 186 3195 ignotis,
196 3131 240 3178 sud
248 3147 323 3178 mauu
331 3165 337 3187 ,
346 3129 497 3194 seramagis,
506 3125 582 3192 quim
589 3127 715 3174 immerita
723 3124 846 3188 supplicia
853 3121 985 3186 persolvit.

117 3203 227 3253 xxvii.
239 3204 289 3252 Tot
298 3203 407 3250 luctibus
418 3199 630 3265 funesti—civitate
637 3235 644 3260 ,
657 3213 713 3263 pars
723 3195 836 3243 moeroris
846 3193 906 3248 luit,
917 3191 985 3254 quod

90 3277 164 3355 lulis,
177 3272 256 3333 Drusi
270 3276 339 3337 fflis,
351 3274 481 3340 quondam
493 3272 602 3328 Neronis
615 3282 696 3329 tuor,
708 3266 826 3330 denupsit
839 3266 865 3313 'in
880 3263 984 3315 domum
