2100 3709
329 70 694 128 murmurmurmur.
885 96 888 99 ·
915 78 965 133 531

38 190 81 221 sse
101 173 189 239 legati
205 172 307 238 quidem
321 173 440 223 seduces
457 176 567 239 partium
581 174 703 240 restingui
719 190 791 241 posse
809 176 967 231 iracundiam

36 247 186 295 exercitiis
196 246 397 316 srbitlarentur:
412 262 490 311 quum
503 246 571 295 baud
586 246 664 310 ignari
672 247 826 299 discriminis
838 254 877 300 sui
890 252 968 301 Vien-

36 340 166 382 nenm,
176 324 317 371 velamento
329 333 355 372 et
370 318 461 371 insulse
472 323 648 387 preferenter,
662 324 705 371 ubi
717 340 806 389 agmen
818 326 966 387 incesseret,

38 410 140 453 arma,
160 410 257 458 genua,
270 397 373 460 vestigia
388 396 543 459 premendo,
556 397 647 471 llexjre
662 398 771 448 rnilitum
789 400 894 451 animos.
910 398 966 448 Ad-

39 467 121 515 didit
129 469 228 515 Valens
240 479 353 516 trecenos
364 468 470 532 singulis
483 463 750 517 miliribns'sesuutos
764 486 769 519 :
787 480 842 518 tum
856 480 966 521 vetustos

41 543 218 607 ‘dignitasque
228 540 335 588 colonien
344 540 424 588 rsluit
434 573 440 596 ,
458 548 484 587 et
494 532 573 590 rerbs¹
582 541 670 598 Fabii,
685 542 791 590 sulutem
804 543 967 591 incolumiu-

42 628 163 679 temque
171 614 352 662 Viennensium
362 613 564 664 commendantis
573 652 579 671 ,
590 615 666 678 sequit
677 614 778 663 struibus
787 628 888 681 accepte
898 634 904 663 :
917 632 967 680 pu-

40 687 120 739 blice
134 698 218 735 tameo
234 686 309 735 ermis
320 686 452 745 mulctati,
464 689 569 752 privatis
586 699 612 736 et
622 689 772 754 promiscuis
788 690 867 753 copiis
882 688 967 749 juvere

42 760 179 811 militem.
192 759 241 808 Sed
258 756 323 807 lesus
343 772 462 809 constans
477 760 540 819 luit,
559 762 664 827 oipsum
678 761 808 809 Valentem
822 760 910 825 magni
921 772 968 825 pe·
1028 769 1029 772 ’

43 830 131 880 cunici
152 844 300 899 emptum».
319 834 344 881 ls
363 830 406 882 diti
421 833 555 894 sordidus,
573 832 675 901 repente
695 833 782 892 dives,
801 834 969 881 mutationem

47 903 168 952 fortune
186 902 251 951 mate
270 904 385 967 tegebat,
405 905 517 954 trecensis
534 915 645 969 egestete
660 905 736 971 longi
748 904 912 969 cupidinibus
923 905 967 951 im·

51 977 225 1033 moderatus,
245 987 271 1023 et
281 978 351 1042 inopi
368 978 484 1040 juventi,
497 994 575 1027 senex
587 976 718 1043 prodigus.
732 980 811 1027 Lento
824 976 914 1025 deinde
924 991 969 1041 sg-

49 1052 144 1108 mine.
156 1066 202 1116 per
219 1050 280 1098 fines
290 1049 459 1116 Allobrogum
471 1066 497 1101 et
512 1052 699 1103 Vocontiorum
713 1051 803 1101 ductus
822 1052 967 1100 exercitus:

51 1124 112 1189 ipsa
125 1124 243 1171 itinerum
254 1124 334 1188 spotia
344 1158 350 1180 ,
360 1134 386 1170 et
401 1126 551 1172 stativorum
563 1124 718 1173 mutationes
730 1122 878 1171 venditante
891 1121 964 1179 duce,

50 1194 133 1242 l'oedis
149 1194 309 1261 pactionibus
321 1194 440 1243 aduersus
451 1210 608 1260 possessores
620 1209 753 1257 agrorum,
769 1206 793 1243 et
806 1196 968 1258 magistratus

50 1268 209 1329 civitatum,
221 1265 285 1314 sdeis
297 1268 447 1324 minaciter,
460 1278 489 1314 ut
502 1263 575 1313 Luco
587 1264 770 1329 (municipium
781 1264 808 1313 id
823 1266 968 1315 Vocontio-

51 1354 118 1389 rum
131 1340 184 1406 est)
198 1340 264 1387 laces
276 1339 433 1396 admoverit,
446 1339 527 1387 donec
543 1338 650 1402 pecunid
663 1339 836 1401 mitigaretur:
850 1340 968 1401 quotiens

52 1412 174 1479 pecunias
185 1411 291 1459 materis
300 1411 415 1477 deesset,
428 1414 523 1479 stupris
533 1421 559 1459 et
568 1407 700 1457 adulteriis
714 1408 874 1458 exorabatur.
884 1411 925 1459 stc
935 1408 967 1458 ad

52 1486 137 1552 Alpes
149 1496 312 1550 perventum.

92 1556 201 1607 LXVII.
216 1556 277 1603 Plus
288 1554 376 1619 prede
390 1570 420 1603 ac
436 1554 567 1619 sanguinis
579 1554 677 1602 Ctecinn
690 1551 782 1601 bausit.
802 1554 967 1603 lrritsrersut

56 1628 191 1688 turbidum
204 1629 333 1693 ingenium
341 1628 471 1686 Helvetii,
483 1626 580 1675 Gallice
593 1642 669 1691 gens.
682 1627 743 1675 olim
755 1628 828 1677 srmis
842 1628 967 1690 ririrque,

58 1718 125 1752 mox
139 1700 261 1749 memorii
274 1701 384 1749 neminie
400 1703 481 1758 cisra,
495 1700 527 1749 de
541 1701 607 1748 crede
621 1701 708 1749 Galbae
717 1702 811 1765 ignoti,
829 1712 854 1749 et
868 1700 969 1751 Vitellii

57 1776 198 1841 imperium
209 1773 469 1861 abnuentesdnitium
479 1775 547 1824 bello
558 1773 606 1823 luit
615 1777 716 1823 siveritis
729 1790 757 1822 ac
768 1758 894 1823 sestins'tio
905 1790 968 1822 uua-

63 1848 216 1897 etricesimre
224 1848 332 1913 legionis
343 1866 348 1897 :
367 1860 502 1915 rapuerunt
511 1849 659 1912 pecuniam,
670 1850 770 1899 ruitsem
782 1851 807 1897 iu
816 1846 969 1914 stipendium

59 1922 167 1984 castelli,
177 1920 245 1983 quod
255 1921 318 1971 olim
329 1914 435 1971 Helvitii
442 1923 494 1970 suis
503 1920 630 1971 militibus
638 1937 666 1969 sc
675 1920 808 1987 stipendiis
816 1924 951 1971 tuebantur
961 1935 967 1966 :

60 1992 126 2059 egre
137 1992 163 2040 id
173 1996 240 2058 pessi
251 1995 378 2050 Helvetii,
389 1996 535 2059 interceptis
547 1994 675 2057 epistolis,
686 2012 740 2057 quse
750 1996 851 2043 nornine
861 1994 969 2041 Germe·

61 2067 116 2118 nici
128 2065 251 2114 exercitiis
262 2066 294 2113 od
305 2066 461 2115 Pannonicas
471 2066 584 2127 legiones
594 2064 750 2127 ferebantur,
760 2068 934 2115 centurionem
944 2074 970 2115 et

61 2140 184 2207 quosdam
203 2140 314 2188 militum
330 2140 357 2186 in
375 2136 488 2187 custodii
503 2138 656 2185 retinebant.
678 2139 772 2191 Cercina
788 2140 848 2186 belli
864 2136 952 2185 uvidus
961 2170 969 2193 ,

61 2215 205 2281 proximam
221 2228 347 2278 quamque
359 2212 474 2277 culpem,
488 2212 627 2273 'antequem
644 2210 790 2273 poeniteret,
806 2209 887 2255 ultum
898 2209 967 2257 ibat:

64 2298 133 2353 muts
146 2286 250 2353 propere
261 2300 343 2335 castra
354 2303 360 2333 ε
372 2284 463 2334 vestati
471 2284 523 2347 agri
535 2300 540 2329 ι
553 2281 667 2345 direptus
677 2280 750 2345 longi
759 2296 820 2346 poce
830 2278 969 2328 inmodum

63 2361 196 2423 municipii
208 2371 350 2407 exstructus
367 2359 455 2416 locus,
467 2372 566 2404 amoeno
578 2356 716 2403 salubrium
728 2370 847 2417 oqtrurum
859 2370 907 2401 usu
917 2352 970 2401 fre·
1020 2392 1027 2399 .

64 2450 143 2499 quens
160 2431 248 2479 :missi
267 2429 299 2477 sd
313 2430 405 2477 lintius
423 2428 517 2476 sutilis
536 2428 634 2485 nuntii,
646 2437 674 2473 ut
694 2442 781 2475 uersos
798 2428 824 2473 in
843 2426 968 2489 legionem

66 2505 196 2555 Helvetios
206 2502 222 2551 d
233 2515 305 2568 tergo
319 2501 527 2566 adgrederentur.

97 2578 212 2627 LXVIll.
224 2576 266 2625 llli
276 2588 334 2625 onte
345 2575 480 2623 discrimen
492 2569 587 2620 feroces
595 2571 643 2633 ,in
652 2569 765 2635 periculo
776 2568 877 2636 pavidi,
888 2586 969 2635 quun·
1004 2586 1007 2593 ·

67 2669 140 2717 quum
155 2652 240 2717 primo
254 2647 516 2699 tumultnsslsudium
531 2644 653 2693 Severum
667 2642 758 2693 ducem
773 2645 900 2709 legerant,
917 2660 970 2693 nou

3 2750 6 2755 ·
68 2744 135 2775 erma
145 2742 264 2791 noscere,
278 2743 331 2774 non
344 2724 446 2790 ordines
457 2721 543 2784 sequi,
558 2721 649 2767 nutrio
664 2736 740 2767 uuum
752 2720 880 2769 conrtslere
892 2737 898 2767 :
912 2718 970 2768 eri-

68 2800 156 2849 tiosum
166 2798 285 2848 adsersus
300 2812 432 2847 veteranos
443 2796 573 2861 puellum,
587 2797 666 2842 iututu
678 2794 793 2858 obsidio,
808 2793 910 2861 dilapsis
921 2812 969 2842 ve-

69 2885 159 2924 tustate
171 2874 295 2922 moenibus
305 2891 312 2922 ε
322 2872 381 2923 binc
392 2870 555 2919 oscitanum
566 2866 649 2915 vs'lido
663 2870 790 2929 exercitu,
803 2869 860 2918 inde
872 2868 969 2919 Retices

71 2948 127 3003 slae,
138 2945 320 3009 cohortesque,
335 2956 360 2993 et
373 2946 487 3009 ipsorum
502 2940 628 2988 Raetorum
643 2938 777 3006 iuventus,
792 2954 862 2991 sueta
875 2944 953 2991 ermis
961 2978 969 3005 ‚

73 3032 97 3069 et
113 3034 182 3067 more
198 3019 293 3065 militie
311 3018 420 3066 exercitu
433 3033 439 3065 :
453 3014 565 3080 undique
583 3015 714 3079 populatio
731 3027 757 3064 et
772 3015 848 3064 caedes
861 3016 926 3081 :ipsi
944 3017 970 3064 iu

73 3093 153 3144 medio
166 3093 237 3155 rugi,
252 3092 355 3155 objectis
368 3092 460 3146 arsisio,
472 3106 561 3155 magus
575 3105 632 3153 pers
645 3092 722 3138 saucii
732 3124 738 3146 ‚
750 3101 792 3137 aut
805 3089 930 3151 polenta,
942 3089 970 3139 iu

72 3178 178 3217 montem
188 3165 323 3215 Vocetium
329 3163 470 3232 perfugere·
482 3164 520 3211 Ac
531 3162 631 3219 stetim,
643 3162 758 3211 immissi
769 3162 873 3209 coborte
883 3161 970 3211 Tbra·

73 3258 140 3299 cum,
155 3240 268 3305 depulsi,
283 3250 309 3288 et
321 3238 525 3289 consectantibus
539 3236 671 3285 Germanis
685 3234 826 3299 Relinque,
841 3252 886 3299 per
897 3239 969 3288 silves

74 3326 141 3381 etque
157 3315 183 3363 in
204 3313 265 3379 ipsis
281 3314 386 3365 lstelsris
401 3310 517 3363 trucidati
531 3325 538 3359 s
551 3308 630 3357 mults
646 3302 778 3357 bominum
797 3308 877 3357 millis
892 3325 952 3361 cnse
961 3349 970 3375 ,
