2100 3709
46 255 53 280 Ι

85 107 138 176 vrqd
161 93 163 98 ,
408 119 431 154 c.
449 117 543 154 conr.
561 114 676 152 secret

89 211 221 270 peratum,
239 196 283 246 sed
294 195 424 264 perfidiam
435 207 461 245 et
470 197 596 261 ignauiam
606 195 665 262 lugd
677 197 852 258 confitentem,
868 191 1021 249 timerem

92 271 208 332 sedibus,
220 270 353 336 gloriaeque
365 269 458 336 puriter
470 280 495 318 et
506 268 595 336 prede
606 269 800 320 concuterent».
811 273 880 322 Tum
893 273 1019 337 quodci-

91 347 185 410 prrtito
194 343 320 398 exercitu,
332 339 378 396 bos
387 341 414 390 in
423 340 579 392 testudinem
586 343 766 409 conglobatos,
779 345 928 396 subruendo
935 347 1018 396 ullo

92 415 205 476 inducit,
215 415 278 465 alios
287 414 365 463 scslss
378 413 502 464 moenibus
513 414 666 474 admovere,
678 416 776 466 inultos
787 421 930 485 tormentis
936 419 1019 468 faces

93 501 120 538 et
129 489 213 540 hastas
227 489 339 538 incutere
351 486 438 548 iubet:
452 487 615 547 libratoribus
630 487 852 556 funditoribusque
864 492 1020 542 attributus

93 565 165 614 locus
176 602 181 621 ,
192 562 260 614 unde
273 558 372 614 emistis
386 560 489 628 glandes
507 573 669 628 torquerent3
680 580 714 612 ns
727 581 777 630 qua
785 581 849 631 pers
860 565 1020 616 subsidium

90 636 268 686 laborantibus
279 633 367 694 ferret,
383 637 440 700 pari
455 633 569 700 'undique
582 647 663 684 metu.
674 635 773 685 Tantus
784 635 844 686 iude
855 637 937 688 ordor
949 655 1020 688 cer·

28 742 36 748 -
95 713 174 760 tentis
186 708 312 759 exercitius
323 707 383 771 fuit,
396 720 425 757 ut
433 711 500 758 intra
513 709 800 777 tertism'dieipartem,
810 711 901 761 nudati
910 729 1022 778 propu-
1041 759 1043 765 ,

92 785 240 852 quatoribus
249 787 331 842 muri,
345 783 431 832 obices
439 794 572 848 portarunt
584 783 714 847 subversi,
725 796 797 850 capta
805 799 911 833 escensu
920 787 1023 834 muni·
1041 776 1043 837 l

94 871 195 915 menta,
210 875 347 923 omnesque
360 859 471 924 puberes
491 855 610 906 trucidati
627 859 692 920 sint,
711 858 782 907 nullo
800 859 882 908 milite
900 861 1043 923 emisso,}

93 933 180 998 paucis
190 930 327 981 admodum
338 932 475 979 vulneratis
485 947 491 978 :
502 943 528 978 et
537 928 738 997 imbellsvulgus
748 929 795 980 sub
803 931 900 980 coruus
907 947 1024 981 venun·
1041 926 1043 984 ζ

88 1004 198 1061 datum:
216 1006 313 1068 reliqna
326 998 411 1072 penda
422 1005 564 1054 uictoribus
575 1005 661 1053 cessit.
677 1004 736 1054 Peri
746 1003 846 1065 fortuni
864 1005 970 1071 legatus
985 1022 1021 1054 nc
1041 1050 1042 1053 ,

94 1077 226 1144 preelectus
236 1078 275 1128 usi
284 1091 357 1138 sunt,
372 1080 504 1144 tribusque
514 1077 563 1126 uni
574 1077 615 1128 die
627 1078 737 1129 castellis
746 1079 912 1144 expugnatis,
924 1091 1020 1128 cetera
1041 1090 1042 1093 ’

95 1163 204 1211 terrore,
217 1163 243 1200 et
251 1153 300 1200 slis
308 1165 398 1219 sponte
409 1155 564 1209 incolarum,
575 1152 602 1201 in
611 1151 768 1201 deditionem
776 1151 929 1211 ueniebant:
940 1153 1037 1216 nutele·

97 1237 150 1274 orta
158 1225 248 1274 fidncia
256 1225 883 1294 caputgentisArtaxataadgrediendiNectsmcn
889 1227 1021 1291 proximo

97 1299 188 1348 itinere
201 1303 282 1348 ducto
292 1301 504 1368 legionsquuae,
516 1303 538 1351 si
553 1316 654 1349 amnem
666 1299 783 1358 haren,
797 1299 841 1362 qui
853 1300 950 1347 moenia
962 1299 1020 1347 atl-

88 1371 161 1432 ‘luit,
176 1385 257 1438 ponte
272 1376 523 1442 transgrederentur,
536 1377 584 1426 sub
601 1376 682 1426 ictum
700 1372 839 1424 dabantur:
853 1373 964 1440 procrd,
976 1383 1019 1420 -et
1041 1412 1042 1415 ,

97 1443 231 1496 latioribus
242 1449 311 1498 radis
325 1451 457 1500 transiere.
488 1511 489 1514 Ἰ

130 1520 193 1588 XL„
200 1523 235 1570 tlt
244 1523 370 1574 Tiridates
379 1511 513 1590 pudore'et
523 1534 594 1571 metu
603 1557 610 1578 ‚
620 1537 653 1570 ne
662 1522 685 1570 si
693 1513 859 1569 concessisset
868 1517 1019 1578 obsidioni,

95 1591 162 1642 nibil
171 1598 226 1661 opis
237 1597 264 1646 in
278 1599 333 1663 ipso
344 1600 493 1658 videretur-5
505 1596 524 1642 si
537 1593 700 1657 prohiberet,
714 1592 845 1656 impeditis
857 1593 921 1640 loeis
932 1609 1020 1657 seque

90 1678 124 1722 ,et
134 1682 260 1730 equestres
271 1670 356 1732 cupias
367 1669 475 1730 illigaret
487 1681 492 1711 ι
506 1665 597 1712 statuit
609 1663 742 1729 postremo
754 1665 891 1714 ostendere
909 1666 996 1716 eciem
1007 1705 1019 1726 ,

95 1733 195 1786 efflato
205 1739 246 1786 tlie
254 1739 367 1803 praelium
380 1739 493 1802 incipere
501 1736 560 1793 ,sel
569 1735 729 1786 simulatione
740 1736 819 1801 luge,
829 1737 918 1788 locum
928 1737 1019 1788 smodi

97 1825 197 1874 parare.
207 1813 288 1876 Igitur
296 1823 400 1878 repente
409 1811 651 1878 sgrnenRomanum
658 1808 852 1877 circumfundit,
863 1829 915 1861 non
922 1815 1019 1879 ignaro

97 1881 163 1930 duce
175 1895 276 1943 nostro,
293 1885 337 1947 qui
354 1881 399 1932 vise
411 1883 505 1948 pariter
519 1895 546 1931 et
561 1899 651 1951 pugne
667 1898 847 1951 composuerat
858 1889 1019 1936 exercitum.

95 1955 187 2006 Latere
198 1955 288 2006 dextro
300 1957 374 2006 tertis
385 1956 464 2022 legio,
478 1959 582 2009 sinistro
591 1970 662 2010 sexta
671 1957 818 2021 incedebat,
828 1959 918 2011 mediis
930 1959 1018 2010 decue
1041 1984 1043 1990 ⁸

98 2045 233 2082 manorum
241 2028 345 2082 delectis
354 2047 361 2077 τ
370 2041 473 2098 recepta
482 2031 549 2081 inter
558 2031 660 2085 ordines
670 2030 864 2100 impedimenta,
873 2047 900 2083 et
909 2046 1017 2101 tergum

98 2103 170 2155 mille
180 2105 277 2173 equitet
292 2107 428 2157 tuebantur
439 2125 445 2155 ι
458 2107 687 2175 quibusiusserat,
699 2120 748 2158 out
758 2109 914 2160 instantibus
925 2111 1017 2161 comi-

98 2178 147 2234 nirs
158 2181 318 2240 resisterent,
328 2179 431 2250 relngo's
439 2196 490 2230 non
501 2193 699 2247 sequerentur».
708 2183 740 2234 lu
750 2183 868 2233 cornibus
874 2181 968 2249 pedes,
976 2201 1020 2232 so·

102 2258 232 2324 guterius,
253 2269 278 2308 et
297 2269 382 2306 cetera
397 2271 487 2305 munus
502 2257 616 2322 equiturn
636 2258 704 2318 ibat,
719 2257 869 2325 productior
881 2271 968 2305 cornu
988 2260 1018 2306 in

99 2331 204 2390 sinistro
218 2349 262 2398 per
274 2331 324 2382 ima
338 2331 442 2380 collium
454 2367 461 2389 ,
471 2339 500 2378 ut
509 2331 530 2378 si
540 2329 620 2380 hostis
630 2331 789 2391 intravisset,
801 2329 886 2381 fronte
899 2331 1019 2380 simulet

100 2407 158 2458 siun
174 2409 340 2473 exciperetur.
356 2403 493 2456 Adsultare
511 2419 542 2455 ex
558 2404 660 2456 diverso
671 2407 813 2465 Tiridates,
827 2421 878 2454 non
890 2404 1019 2469 usquead
1041 2448 1042 2453 ,

76 2499 80 2506 ’
100 2483 195 2548 jectum
206 2483 264 2541 teli,
277 2481 388 2533 sedtum
400 2471 538 2539 minitans,
552 2492 608 2530 tum
617 2483 701 2548 specie
717 2479 869 2547 trepidantis
878 2514 886 2539 ,
896 2477 919 2526 si
928 2478 1019 2526 laxare
1041 2484 1042 2487 ’

101 2556 218 2616 ordines,
228 2568 254 2606 et
264 2557 378 2608 diversos
393 2555 533 2604 consectari
544 2565 639 2620 posset.
649 2555 701 2602 Ubi
712 2555 780 2603 nibil
789 2552 932 2602 temeritate
941 2553 1017 2602 solu-

103 2639 157 2677 tum
164 2667 171 2690 ,
183 2647 229 2679 nec
238 2628 363 2696 ampliris,
375 2627 450 2692 quim
463 2626 570 2676 decurio
581 2629 697 2692 equitum
705 2625 842 2676 audentius
850 2641 1017 2691 progressus,

102 2712 129 2748 et
141 2704 236 2766 sagittis
249 2701 379 2760 confixus,
395 2711 494 2750 ceteros
510 2698 542 2746 sd
553 2699 704 2766 obsequium
723 2698 842 2764 exemplo
856 2699 1014 2760 firmaverat,

102 2777 250 2842 propinquis
260 2775 310 2839 inm
325 2773 436 2823 tenebris
449 2773 578 2823 abscessit.

138 2847 207 2897 XLI.
221 2849 254 2896 Et
265 2846 390 2904 Corbulo,
402 2845 483 2896 tustra
496 2847 523 2898 in
536 2847 594 2896 loco
609 2857 718 2899 metatus
726 2881 734 2905 ,
747 2861 778 2895 sn
792 2845 922 2911 expeditis
931 2848 1015 2914 legio-

109 2921 182 2974 nibus
191 2917 266 2969 n'octe
276 2919 398 2970 Artaxata
409 2930 539 2986 pergeret,
550 2919 699 2984 obsidioque
707 2917 889 2983 circumdaret,
898 2922 1015 2986 agitarit,

104 2995 255 3045 concessisse
262 2994 322 3044 illuc
328 2992 460 3042 Tiridaten
470 3005 549 3043 ratus.
558 2992 621 3042 Deio
629 3001 764 3058 postquem
771 2993 942 3058 exploratores
947 3007 1014 3044 sttu-

107 3071 159 3122 lere
169 3070 355 3135 «longinquum
365 3067 430 3132 regis
440 3069 497 3126 iter,
507 3077 533 3115 et
542 3067 612 3116 Medi
621 3083 653 3116 an
663 3065 755 3114 Albani
764 3077 923 3132 peterentur,
933 3067 1013 3118 incer-

107 3149 162 3197 t'um
171 3165 195 3206 u,
208 3147 291 3196 lucem
302 3144 433 3212 opperitur
443 3159 449 3190 t
458 3142 636 3209 ptumisanue
643 3141 709 3190 levis
718 3152 859 3205 ermstura,
869 3158 922 3206 qus·
930 3158 1014 3194 muros

57 3224 61 3228 ’
105 3223 209 3273 interim
219 3221 326 3285 ambiret
335 3257 341 3278 ,
351 3219 619 3286 oppugnationemque
628 3214 729 3264 eminis
741 3216 871 3282 inciperet.
883 3215 932 3265 Sed
941 3221 1014 3284 oppi-

107 3292 166 3344 dani
176 3332 180 3352 ‚
191 3297 365 3360 portisspoutc
373 3291 513 3360 patefactis,
520 3305 547 3339 se
557 3303 651 3352 suaque
657 3289 778 3352 Romanis
786 3288 1012 3355 permislrstquod
1041 3344 1043 3357 7

107 3368 215 3419 salutern
229 3369 289 3436 ipsis
305 3367 372 3419 tulit.
386 3364 518 3420 Artaxatis
531 3363 596 3432 ignis
608 3362 739 3414 immistus
747 3399 756 3432 ,
771 3362 904 3431 deletaque
920 3374 944 3414 et
959 3366 1013 3416 solo
1041 3420 1042 3423 ,
