2100 3709
90 85 138 140 144
406 95 433 138 c.
450 92 543 134 cerr.
562 91 675 134 sacrm
731 118 733 126 .

89 180 120 231 C.
132 177 235 235 (mari,
244 173 374 227 lottecrtc
382 176 511 235 sermdne,
519 177 550 225 L.
559 177 657 302 {plisni
667 175 796 236 irridenti,
806 179 911 231 emnia
918 181 1006 234 satta

88 257 157 307 vitia
166 289 176 312 ,
184 260 210 302 et
219 251 326 304 nullam
335 251 453 319 ejusdem
461 254 559 302 virtute
592 253 753 304 habiturum,
760 250 884 314 praedixit
894 270 903 301 ε
915 255 1006 317 simul,

76 324 185 376 xvcrebris
202 339 261 372 cum
275 322 548 388 lacrymis‚'rninorein
559 338 590 370 ex
603 323 739 389 nepotibus
751 325 927 390 complexus,
943 330 1006 377 truci
1045 339 1046 362 i

89 400 193 450 alterius
210 398 296 446 vultu:
312 395 427 448 Occidet
436 399 509 448 hunc
521 405 569 454 tu,
582 395 680 462 iuquit,
694 407 722 448 et
735 407 762 450 te
777 399 865 450 alius.
879 399 936 448 Sed
948 417 1006 466 gra.

89 487 205 526 vescente
221 470 364 520 valetudine
371 507 381 532 ,
396 471 461 518 nihil
476 470 491 518 ὲ
504 469 655 519 lihidinibus
666 473 813 530 omittebat,
830 474 859 521 in
877 475 1005 538 patieutii

38 599 43 604 ,
88 547 269 601 firmitudinem
280 544 418 610 simulens5
430 543 570 608 solitusque
578 543 683 592 ¹eludere
693 545 851 594 medicorum
865 557 955 608 estes,
967 559 1005 596 at·

88 641 137 690 que
150 639 209 677 eos,
225 620 269 683 qni
279 628 338 682 post
350 619 509 668 tricesimum
524 619 605 666 etatis
622 633 734 676 annum,
752 620 784 668 ad
800 619 1005 669 internoscenda

87 695 245 762 corporisne
256 692 340 752 utilia,
354 692 396 740 vel
406 693 483 741 noxia
493 727 500 750 ,
510 693 588 742 alieni
600 693 701 742 consilii
714 687 869 758 indigerent.

118 767 227 819 XLVll.
237 765 340 814 Interim
350 764 535 815 Romelnturis
543 768 620 814 etiam
629 778 687 832 post
694 767 827 816 Tiberium
837 767 960 817 cedibus
969 783 1004 816 se·

85 836 938 904 minaiaciebantur.LaiiuslielbusAcuriarmP.Vitelliiquondar'n
944 856 1004 888 uuo·

85 909 752 976 rein,majestatispostuleverat3qtrddamnati,qurtm
758 915 1003 978 praminmaccusa·

86 984 430 1043 toridecerneretur,Junius
438 982 517 1044 Otho,
525 984 641 1034 tribuunt
649 985 732 1052 plebei
740 1021 747 1044 ,
755 986 904 1050 intercessit
913 1004 920 1034 :
932 984 1001 1033 unde

88 1058 218 1114 illisodia,
226 1074 286 1106 mox
295 1055 392 1107 Othoni
400 1058 527 1108 exsilium.
537 1057 600 1108 Dein
611 1060 752 1108 multorum
760 1059 894 1108 amoribus
903 1057 1002 1107 famosa

82 1131 220 1193 Albucilla,
228 1132 271 1188 cni
277 1131 470 1181 matrimonium
477 1147 536 1180 eum
544 1131 751 1188 listriosttcundu¹
762 1132 957 1197 conjurationis
965 1131 1001 1178 in·

84 1206 156 1270 dice,
169 1204 267 1263 fuerat,
281 1204 393 1256 deiertnr
404 1205 542 1272 impietatis
552 1208 579 1256 in
590 1205 750 1272 principem:
763 1207 999 1268 connectebantur,

84 1291 114 1327 ut
123 1279 232 1336 conscii,
244 1289 271 1326 et
278 1277 386 1328 adulteri
396 1278 463 1342 eius,
472 1280 519 1328 (ln.
527 1280 655 1328 Domitius
663 1315 670 1339 ,
677 1273 768 1332 Vibius
775 1279 878 1328 Mersus
886 1315 895 1341 ,
904 1279 940 1326 t..
948 1276 1001 1328 Ar-

82 1350 192 1401 runtius.
204 1349 243 1399 Dc
251 1350 401 1402 claritudine
410 1351 516 1402 Domitii
524 1351 599 1420 sopri
611 1353 765 1402 memoravi:
778 1351 880 1400 Marsus
893 1367 1001 1417 quoque
1040 1382 1044 1390 =

82 1426 190 1474 vetustis
201 1424 356 1488 honoribus,
369 1436 396 1474 et
406 1425 512 1476 illustris
524 1425 615 1474 studiis
627 1438 690 1476 erat.
706 1441 725 1494 ((1
731 1423 780 1476 Sed
791 1426 902 1474 testium
914 1428 999 1474 inter·

82 1501 369 1566 rogationi,tormentis
383 1516 514 1550 servorum
523 1501 668 1550 Macronem
679 1499 853 1565 presedisse»,
861 1514 999 1548 commen·

82 1575 142 1624 sarii
159 1573 192 1624 ad
210 1586 327 1624 senatum
343 1574 415 1622 missi
430 1574 563 1632 serebant;
581 1574 705 1634 nullaeque
724 1574 750 1619 iu
769 1589 812 1620 aas
829 1571 997 1637 imperatoris

80 1647 171 1697 litterar
178 1648 347 1712 suspicionem
356 1645 463 1704 dabant,
477 1641 589 1692 invalido
597 1658 626 1689 sc
636 1641 741 1692 fortasse
751 1645 851 1712 ignaro,
864 1646 928 1698 licta
938 1645 996 1712 ple·

82 1736 171 1782 saque,
185 1720 219 1765 oli
232 1718 378 1767 iuimicitias
388 1713 518 1762 Macronis
528 1725 603 1763 notas
616 1715 642 1764 in
653 1715 814 1766 Arruntium.

114 1789 234 1843 XLVIII.
249 1788 329 1853 igitur
338 1786 467 1836 Domitius
479 1783 652 1836 defensionem
663 1787 803 1848 meditans,
818 1789 927 1844 Marsus
938 1805 996 1842 tsn-

81 1862 160 1928 quaru‘
168 1859 279 1924 inediam
292 1859 482 1920 destinavisset,
495 1858 638 1925 produxere
651 1864 729 1910 sitam
742 1881 747 1909 t
761 1860 902 1918 Arruntius
916 1882 997 1918 cunc·

82 1938 203 1985 tationem
222 1944 248 1981 et
262 1948 345 1980 moras
360 1929 525 1981 suadentibus
535 1934 645 1996 xamicis,
664 1936 746 1986 «Non
763 1937 852 1986 eadem
870 1941 996 1990 omnihus

81 2012 193 2060 decoran
204 2006 350 2073 respondit:
362 2007 432 2056 esibi
444 2010 593 2060 satientatis
606 2027 612 2058 ι
624 2028 706 2076 neque
717 2012 786 2062 aliud
798 2015 996 2082 poenitendum,

82 2083 157 2148 qrilru
167 2080 248 2145 quiid,
264 2083 329 2130 inter
339 2080 449 2130 ludibria
462 2095 489 2131 et
499 2086 624 2152 pericula,
638 2088 738 2137 anxiam
750 2101 876 2137 senectam
893 2091 994 2139 tolera·

80 2158 171 2213 visset,
186 2153 231 2203 din
244 2155 334 2216 Seiano
342 2193 350 2217 ,
363 2173 432 2204 nunc
443 2158 574 2214 Macroni.
589 2177 689 2228 semper
703 2163 779 2212 alicui
790 2163 935 2227 potentium
949 2165 993 2212 in-

80 2231 168 2289 visus3
179 2244 230 2278 uon
245 2229 336 2295 culpa,
351 2230 396 2280 sed
406 2243 435 2281 ut
448 2233 605 2297 flagitiorum
620 2237 764 2298 impatiens.
779 2234 841 2282 sant
854 2252 953 2300 peuces
966 2247 993 2284 et

79 2319 211 2370 supremos
226 2305 350 2368 principis
363 2304 418 2353 dies
430 2321 504 2369 posse
518 2309 609 2368 vitari3
623 2303 838 2370 quemadmodum
852 2315 990 2360 evasurum

78 2377 237 2428 imminentis
252 2377 379 2440 juventam
391 2376 403 2428 Ρ
414 2379 456 2429 Au
467 2393 545 2444 quum
558 2379 691 2434 Tiberius,
710 2391 768 2444 post
785 2391 880 2437 tantam
894 2399 990 2435 rerum

74 2452 271 2520 experientiam,
280 2453 307 2501 vi
314 2451 496 2504 dominationis
505 2455 640 2513 convulsus
648 2462 673 2498 et
682 2464 794 2502 mutatus
803 2455 835 2502 sit
841 2492 849 2514 ‚
859 2458 889 2507 C.
902 2459 988 2508 Cassa·
1045 2443 1046 2450 ἵ

75 2539 131 2576 reru
142 2527 201 2584 ,vix
210 2526 281 2577 finiti
291 2529 412 2593 pussilli,
422 2530 536 2590 ignarum
547 2525 659 2574 omnium
669 2560 674 2578 .
691 2537 736 2576 alit
745 2529 861 2592 pessimis
870 2533 988 2582 innutri-

77 2611 132 2648 tum
140 2636 147 2659 ‚
159 2590 265 2648 meliora
279 2601 461 2666 capessiturum
470 2635 487 2669 ⁹.
496 2600 614 2646 Macrone
629 2595 718 2646 ducet.
729 2602 772 2662 qui
785 2613 812 2648 ut
826 2601 939 2654 deterior
952 2606 986 2655 ad

75 2671 272 2737 opprimendum
282 2673 399 2734 Seianum
410 2671 538 2727 delectus,
551 2671 625 2732 plura
635 2684 679 2733 per
691 2671 785 2721 scelera
796 2680 985 2741 rempublicam

75 2743 284 2792 conflictavisset:
295 2754 455 2806 prospectare
466 2743 515 2802 jam
524 2758 551 2788 se
560 2744 779 2794 acriusservitium
786 2782 794 2808 ‚
805 2745 885 2812 edque
897 2753 987 2820 fugere

73 2816 153 2878 simul
170 2826 225 2861 acta
238 2826 264 2861 et
281 2814 432 2861 instantia».
443 2813 503 2859 Haec
516 2814 580 2860 vatis
590 2813 616 2862 in
632 2813 737 2864 modum
756 2817 874 2870 dictitans
884 2857 895 2882 ,ι
905 2843 983 2877 renas
1043 2825 1044 2828 '

73 2883 186 2944 resolvit.
207 2888 366 2935 Documento
384 2887 514 2948 sequentia
535 2898 623 2944 eruut,
642 2889 706 2938 bene
727 2892 875 2944 Arruntium
898 2913 982 2950 morie

73 2977 160 3012 usum.
177 2958 303 3010 Albucilla
317 2962 389 3017 irrito
402 2961 453 3006 ictu
470 2958 485 3005 l
504 2971 583 3006 semet
597 2961 937 3027 uttinrrata,1ussuscuauls
953 2975 979 3024 in

73 3051 198 3086 narcetem
213 3034 301 3083 fertur.
313 3034 462 3097 stuprorum
471 3036 524 3096 ejus
534 3034 644 3086 ministri
654 3073 659 3091 ,
673 3039 824 3090 «Carsidius
839 3033 960 3096 Sacerdos
970 3086 976 3105 ,

72 3110 203 3177 pretorius
213 3144 219 3159 .
229 3119 257 3155 ut
267 3109 292 3156 in
302 3109 410 3158 insulem
419 3105 611 3177 deportareturt
621 3111 726 3162 Pontius
736 3113 894 3181 Fregellanus
901 3123 977 3170 amit.

73 3197 139 3233 teret
153 3181 269 3230 ordinem
285 3183 438 3230 senatorium
449 3203 455 3241 3
468 3183 595 3233 etcadam
610 3203 687 3250 poena
699 3190 724 3235 in
734 3190 837 3238 Laelium
849 3194 974 3242 Bulhumn

72 3257 244 3305 decernuntur
254 3268 263 3303 :¹
273 3256 298 3302 id
309 3255 411 3320 quidem
423 3256 601 3317 distantibus,
613 3262 671 3324 quia
680 3263 772 3312 Balbus
782 3265 846 3315 truci
853 3265 974 3339 eloquens
1019 3268 1025 3285 ⁵

72 3327 109 3380 tii
120 3328 269 3396 hebetatam
279 3342 415 3411 promptus
425 3330 559 3395 adversum
570 3334 693 3402 insontes.
