2100 3709
302 2 544 55 ursroaraa'usr
568 14 633 57 urs.
659 15 700 55 rr.
908 8 962 79 m
1047 10 1049 15 '

20 97 111 164 piiss,
124 97 201 164 quim
213 112 347 163 coercere,
359 98 422 147 vitia
434 98 515 163 magis
528 97 670 151 amicorum
679 82 687 155 ,’
696 96 773 163 quim
783 99 890 153 vir-rurae
902 103 958 154 dtr..

13 172 176 241 'simulausi
187 172 285 220 Multos
298 171 454 239 praelectoris
469 181 495 219 et
509 172 749 237 procurationibus,
765 174 901 241 plerosque
913 194 956 226 se-

25 246 134 295 nasorii
146 247 246 297 'ordinis
257 246 355 295 bonore
370 245 508 311 percoluit,
524 248 637 312 egregios
650 244 733 307 viros,
748 260 774 298 et
787 266 956 319 prox-summa

28 320 150 387 adeptos
160 340 166 369 ι
175 320 327 387 quibusdam
334 320 436 371 fortuna
444 336 493 387 pro
502 322 642 371 virtutibus
652 321 711 371 luit.
720 322 883 375 Donatirum
901 328 955 375 mi·-
983 314 985 322 ¹

23 392 97 452 liti,
109 410 192 460 neque
201 397 334 445 Mucianus
343 394 424 461 primi
432 395 569 455 concione,
580 396 630 444 nisi
640 394 740 445 modice
750 398 909 467 ostenderat,
920 418 953 452 ne

23 467 213 535 'Vespasianus
222 469 328 535 quidem
339 471 397 537 plus
408 470 480 519 cirili
494 469 562 519 bello
574 470 681 530 obtulit,
693 470 768 537 quam
778 474 821 523 alii
833 475 859 521 in
871 490 931 539 pace
944 495 952 539 ς

22 539 240 604 egregillirmus
255 538 377 591 adsersus
394 541 532 590 militarem
549 544 726 609 largitionem,
745 544 824 611 eisque
838 546 955 596 exercitu

29 606 159 655 meliore.
176 606 249 655 Missi
260 606 292 674 ad
305 606 428 657 Partbum
440 606 640 675 Armeniumque
654 610 744 675 legati,
758 613 956 681 provisumque,

27 698 69 730 ne
85 682 167 730 versis
182 680 214 729 ad
228 679 303 731 civile
319 682 416 733 bellum
428 680 588 751 legionibus,
602 694 670 750 terga
683 684 850 737 nudarentur.
866 684 957 737 Titum

27 752 256 819 inauraturae,
268 755 453 821 Vespasianum
471 755 587 805 obtinere
602 756 711 807 claustra
724 759 828 827 AEgypti
842 760 956 825 placuit:

31 828 156 879 sufficere
171 828 324 879 videbantur
335 827 458 878 adversus
469 828 604 883 Vitellium
612 865 621 892 ‚
634 846 692 895 pars
706 832 851 897 copiarum,
865 845 891 883 et
905 832 958 885 dux
1047 860 1048 863 ¹

30 902 190 963 Mucianus,
200 914 227 951 et
235 902 388 970 Vespasiani
397 919 505 966 nomen,
516 920 545 951 ac
554 902 617 953 nihil
626 902 735 953 arduum
743 905 809 955 latia·
816 904 858 957 Ad
868 920 958 957 omnes
1033 918 1036 926 ·

28 979 168 1029 exereitus
176 975 323 1044 legatosque
333 979 564 1044 scripteepirtolae,
575 990 793 1063 praeceptumque,
803 993 855 1030 ant
863 992 959 1048 prato·

29 1052 126 1101 rianos
136 1051 242 1099 Vitellio
255 1048 368 1099 infensos
378 1050 548 1115 reciperando
560 1052 655 1099 militiae
666 1066 768 1117 praemio
780 1051 953 1104 invitarentn.

67 1125 218 1174 Lxxxnr.
234 1125 371 1175 Mucianus
382 1138 441 1172 cum
456 1123 575 1189 expediti
589 1140 684 1183 manu,
698 1125 795 1191 socium
803 1128 887 1193 magia
900 1128 955 1176 im-

28 1199 122 1267 perii,
140 1198 217 1265 quam
236 1199 383 1248 ministrum
399 1211 492 1261 agens,
509 1212 562 1245 non
578 1197 649 1247 lento
667 1198 775 1257 itinere,
792 1215 824 1248 ne
840 1201 957 1253 cunctari

32 1272 189 1335 videretur,
205 1288 289 1337 nequo
304 1283 390 1320 tamen
407 1286 562 1336 propenens,
578 1270 683 1349 gliscerp
698 1268 792 1321 lamam
805 1272 860 1338 ipso
873 1277 957 1340 spatio

3 1413 4 1417 Ἰ
31 1352 141 1401 sinebat
151 1369 158 1401 ε
169 1368 261 1418 gnarus
271 1350 384 1399 modicas
392 1350 461 1398 vires
470 1349 532 1411 sibi,
542 1361 567 1400 ea
576 1348 670 1413 maiora
681 1349 750 1400 credi
760 1350 791 1399 de
801 1352 957 1400 absentibus.

32 1424 90 1475 Sed
99 1427 168 1492 legio
179 1438 268 1488 serata,
278 1436 305 1474 et
314 1424 438 1475 tredecim
447 1425 638 1475 vexillariorum
648 1425 741 1490 millia,
753 1425 849 1489 ingenti
856 1426 957 1489 agmine
988 1470 995 1476 .

31 1499 220 1565 sequebantur.
237 1499 350 1549 classem
364 1497 378 1547 ὲ
393 1495 479 1547 Ponto
491 1499 646 1567 Byzantium
658 1497 724 1565 adigi
737 1499 859 1565 iusseram
872 1498 957 1548 ambi-

32 1574 220 1641 gunsconsilii,
229 1569 675 1640 nnmomisslbloesil,Dyrrhaciaau
683 1573 769 1639 pedite
777 1584 853 1639 atque
861 1574 957 1638 equite,

33 1649 117 1697 simul
127 1648 209 1713 longis
218 1648 326 1696 naribus
335 1661 438 1695 versum
448 1646 475 1696 in
482 1645 582 1697 ltaliam
593 1650 663 1697 mare
671 1646 814 1708 elanderct,
825 1645 881 1697 autb
890 1662 957 1713 pone

31 1735 140 1789 tergum
149 1718 244 1771 Acbaid
256 1720 385 1785 arisque,
400 1738 463 1787 quas
473 1723 584 1772 inermes
596 1721 690 1789 exponi
700 1722 808 1771 Vitellio
817 1758 825 1780 ,
835 1724 860 1771 ni
868 1722 955 1787 praesi-

31 1797 86 1847 diis
101 1794 281 1862 firmarentur3
298 1806 373 1860 atque
388 1796 473 1862 ipsum
484 1795 620 1846 Vitellium
638 1798 664 1845 in
679 1797 777 1845 incerto
793 1793 859 1859 fore,
877 1811 954 1861 quarn

33 1881 138 1937 partem
146 1870 223 1918 italie
232 1879 387 1936 protegeret,
397 1871 418 1918 si
428 1870 480 1919 sibi
487 1870 653 1921 Brundisium
660 1871 859 1935 Tarentumque,
871 1880 896 1918 et
904 1870 955 1919 Ca·

1 1960 2 1963 ¹
31 1942 123 1993 labrie
135 1942 301 2007 Lucaniaeque
314 1942 403 1991 littora
416 1941 517 1990 inlestis
531 1944 655 1995 elassibus
668 1954 825 2009 peterentur.

71 2016 220 2067 Lxxxtv.
235 2017 316 2081 Igitur
328 2014 447 2075 narium,
459 2015 587 2074 militum,
600 2032 729 2064 armorum
740 2019 830 2081 paratri
841 2025 954 2081 strepere

37 2088 243 2158 provincie.Sed
251 2086 313 2136 nibil
319 2085 387 2150 aeque
392 2082 521 2151 fatigabat,
529 2084 605 2150 quim
612 2088 776 2153 pecuniarum
784 2089 936 2151 conquisitio
947 2114 954 2143 2

39 2179 177 2217 ‹accaesse
188 2164 251 2212 belli
262 2160 346 2211 civilis
356 2174 449 2209 nervos
457 2178 473 2209 n
486 2159 605 2215 dictitare
616 2161 762 2219 Mucianus,
776 2176 827 2209 oon
839 2159 894 2224 jus,
906 2171 953 2209 aut

35 2253 129 2290 verum
135 2240 161 2287 in
168 2236 366 2303 cognitionibus,
375 2233 504 2284 sedsolam
512 2230 714 2300 magnitudinem
723 2250 800 2299 opunr
807 2233 937 2299 spectabat
949 2252 955 2286 τ

37 2315 136 2381 passim
143 2311 299 2375 delationem
308 2322 334 2358 et
341 2309 557 2374 locupletissimus
566 2308 672 2371 quisque
679 2308 704 2356 in
711 2301 818 2375 praedam
825 2309 937 2374 correpti
946 2331 952 2362 r

39 2404 94 2454 qnae
103 2373 189 2453 gravia
197 2396 273 2449 atque
283 2380 455 2439 intoleranda,
465 2378 510 2430 sed
518 2379 668 2429 necessitate
677 2396 806 2430 armorum
816 2394 934 2430 excusata
948 2422 955 2443 ,

36 2464 117 2512 etiam
126 2460 153 2507 in
161 2474 222 2524 pace
233 2455 365 2520 mansere3
376 2457 431 2520 ipso
440 2454 611 2519 Vespasiano,
624 2453 691 2501 inter
704 2453 774 2501 initia
789 2453 903 2517 imperii,
916 2454 949 2503 ad

41 2532 196 2584 obtinendas
205 2530 350 2595 iniquitates
361 2526 429 2577 baud
439 2525 545 2593 perinde
554 2525 699 2575 obstinaute
710 2523 809 2575 :donec
819 2524 956 2592 indulgen-

40 2609 76 2659 tisi
93 2606 215 2663 fortune,
226 2617 253 2653 et
267 2603 351 2669 pravis
363 2601 504 2667 magistris,
518 2598 626 2659 didicit,
638 2606 763 2664 aususque
780 2608 826 2647 est.
840 2600 954 2664 Propriis

40 2696 143 2746 quoque
153 2678 243 2745 opibus
250 2677 384 2725 Mucianus
392 2674 490 2723 bellurn
497 2672 578 2736 juvit,
589 2674 673 2737 largus
684 2672 818 2738 privatim,
828 2672 895 2737 quod
905 2676 957 2724 avi.
972 2696 974 2706 v

3 2779 5 2783 ·
40 2752 99 2803 diris
119 2752 150 2801 de
167 2748 298 2817 republica
315 2759 437 2796 sumeret.
457 2746 544 2793 Ceteri
562 2743 772 2794 conferendarum
788 2746 954 2809 pecuniarum

39 2827 188 2892 exemplum
200 2824 296 2885 secuti3
307 2822 452 2871 rarissimus
464 2820 571 2885 quisque
585 2817 704 2868 eamdem
713 2819 738 2867 in
750 2818 914 2885 reciperando
923 2820 955 2869 li·

40 2901 150 2950 centiam
162 2900 315 2947 babuerunt.

73 2974 209 3025 LXXXV.
225 2971 375 3023 Adcelerata
384 2968 487 3020 interim
498 2966 648 3035 Vespasiani
658 2976 754 3035 coepta,
769 2967 866 3037 lllyrici
879 2982 955 3015 exer·

45 3040 116 3098 ciuis
125 3046 225 3106 studio,
235 3044 382 3111 transgressi
395 3045 421 3092 in
432 3052 527 3109 partes.
538 3041 625 3109 Tertia
635 3044 702 3107 legio
712 3043 855 3105 exemplum
867 3039 958 3087 ceteris

11 3168 19 3189 ,
41 3122 136 3175 Moesias
154 3122 297 3187 legionibus
316 3118 433 3185 prebuit.
453 3117 549 3166 Octava
569 3128 622 3165 erat
636 3132 665 3163 ac
682 3116 786 3181 septima
802 3110 953 3171 Claudiana,
1014 3110 1018 3127 '

40 3199 143 3248 imbute
153 3195 239 3244 lavore
249 3194 373 3253 Othonis,
385 3191 500 3256 quamvis
511 3189 598 3253 praelio
611 3206 661 3236 non
671 3186 851 3235 interfuissent.
866 3183 951 3249 Aqui·-

39 3274 119 3325 leiam
134 3286 283 3339 progressa,
298 3268 469 3341 proturbatis,
486 3265 531 3332 qui
547 3262 579 3317 ds
595 3263 697 3319 Othone
709 3260 873 3320 annurtiant,
886 3259 956 3325 luce-¹

755 3334 812 3400 Qt's
