2100 3709
294 82 677 126 nraroartnrxtrmr.
782 133 784 138 ¹
887 73 939 143 llq

19 158 126 226 speciei
142 155 279 208 terribilior
294 158 360 222 jem,
376 171 402 208 et
419 160 568 226 instantior,
585 161 714 211 «exitium
726 157 776 226 ipti
786 174 935 225 regnoque»

24 232 273 296 denuntiarentur
287 231 352 293 jueta
365 245 557 300 patrarentur».
569 235 635 284 Tum
648 235 743 300 legator
754 245 779 282 et
794 233 859 284 done
873 235 938 302 Scy-

25 304 192 354 drothemidi
205 304 259 371 regi
270 303 309 370 (ir
319 317 378 355 tune
389 306 571 374 Sinopensibus
580 307 757 373 imperitabat)
772 306 884 372 expediri
896 306 954 370 juv

24 379 75 427 bet
86 398 93 440 3
111 377 273 444 pretcipitque
282 379 453 444 navigaturis,
469 391 518 429 out
527 380 647 446 Pythium
659 380 804 446 Apollinem
814 380 906 430 adeant
914 395 939 429 r.

25 444 87 500 Illic
102 467 173 499 mere
186 451 325 502 secundum
338 469 345 500 ε
359 470 412 503 tore
424 456 520 504 oraculi
535 455 608 504 haud*
617 445 742 520 ambigua.
755 471 770 502 (ι
779 455 849 504 lrent
860 455 940 504 rimu·

24 523 180 588 laetumque
191 525 270 588 patrie
279 526 318 574 rui
330 526 493 583 reveherent.
503 533 596 578 sororia
607 531 777 592 relinquerent
785 545 809 580 u.

62 595 212 646 LXXXIV.
229 597 266 646 Ut
279 599 391 666 Sinopen
401 601 504 663 venere,
518 619 635 658 monera.
653 619 752 668 preces,
765 601 883 652 mandate
897 613 940 650 re·

29 667 124 732 gisoni
138 667 343 735 Scydrothemidi
356 672 481 736 adlegant.
498 673 549 734 Qui
562 675 674 724 divertor
688 676 784 732 animi,
797 672 875 724 modo
889 690 942 722 nu·

29 755 95 787 men
105 756 254 806 pavescere,
264 741 342 792 modo
354 746 431 794 minis
439 747 594 798 advertentis
603 748 691 814 populi
701 749 804 812 terreri3
816 761 879 811 serpe
891 745 941 795 do-

29 811 74 860 nit
85 802 269 880 promissisqul
284 817 424 883 legatorum
440 822 601 872 flectebatur.
617 823 700 887 Atque
718 823 821 872 interim
833 821 942 868 triennio

30 898 144 946 exacto,
154 889 304 938 Ptolemaeus
314 909 366 941 non
381 893 509 956 studium,
520 914 571 946 non
584 913 671 964 precer
682 899 808 947 omittere.
821 896 942 961 Dignita·
991 957 994 965 .

29 971 88 1007 tem
96 962 249 1026 legatorum,
259 981 393 1014 numerum
403 971 515 1030 narium,
524 972 579 1018 auri
589 969 688 1036 pondus'
695 972 812 1035 augebant
820 969 886 1016 Tum
894 969 943 1018 mi·
1010 973 1012 978 “

30 1051 87 1082 nar
96 1032 171 1083 faciet
183 1034 387 1100 Scydrothemidi
397 1039 512 1098 ollertur,
526 1062 541 1090 «
550 1060 580 1091 ne
590 1043 714 1094 destinata
723 1043 772 1093 deo
783 1041 847 1092 ultra
855 1055 941 1088 more·

30 1118 139 1156 return.
159 1109 326 1158 Cunctantem
349 1111 418 1158 raria
436 1115 572 1179 pernicies,
591 1118 739 1180 morbique,
763 1130 789 1164 et
810 1114 943 1162 monilesta

30 1178 177 1227 coelestium
190 1181 243 1239 ira,
262 1198 409 1248 graviorque
422 1185 447 1232 in
462 1184 514 1234 dies
524 1185 651 1250 fatigabat.
663 1186 793 1236 Advocati
804 1187 943 1242 concione,

31 1273 48 1304 (t
62 1258 131 1317 justa
143 1257 256 1306 numini·
268 1292 275 1317 ,
285 1275 343 1306 euos
356 1259 535 1326 Ptolemaeique
548 1263 629 1322 virne,
642 1263 786 1326 ingruentia
799 1261 862 1309 mola
872 1278 885 1308 u
897 1277 944 1308 ex·

29 1331 119 1399 ponit.
130 1329 231 1396 Vulgus
248 1321 374 1382 advertari
391 1351 495 1401 regern,
512 1336 625 1385 invidere
639 1338 798 1403 AEgypto‚ei
815 1347 943 1392 metuere,

32 1404 213 1468 templumque
234 1407 422 1457 circumsidere.
438 1410 520 1470 Maior
542 1409 601 1458 hinc
618 1410 683 1458 lama
700 1407 824 1467 tradidit,
844 1405 945 1459 ‹tdeum

30 1478 119 1542 ipsum
136 1479 252 1542 appuliae
270 1479 350 1528 littori
363 1485 433 1530 navit
445 1497 535 1548 sponte
553 1483 730 1532 conscerrtliete
737 1501 760 1532 u.
775 1479 872 1529 Mirum
884 1475 943 1526 inde

33 1551 124 1608 dicto,
135 1552 210 1599 tertio
225 1549 265 1598 die
284 1563 382 1602 tantum
400 1557 479 1604 meris
494 1555 607 1616 ementi,
620 1553 945 1619 Alexandriamappellun-
969 1565 972 1575 ’

32 1637 88 1674 tur.
101 1623 238 1688 Templum
250 1643 297 1692 pro
312 1627 482 1692 magnitudine
497 1629 565 1678 urbis
576 1641 748 1690 exstructum,
758 1629 830 1685 loco,
844 1627 943 1696 cultuu-

33 1715 96 1747 men
108 1697 229 1745 Rhacotit
242 1716 247 1744 :
262 1698 343 1748 fuerat
361 1701 412 1748 illic
426 1701 560 1763 sacellum,
576 1702 690 1768 Serapidi
710 1711 784 1768 atque
797 1697 860 1748 Isidi
874 1699 944 1745 anti-

32 1773 125 1839 quitus
135 1783 268 1821 sacratum.
283 1773 341 1821 llaec
353 1774 385 1822 de
396 1776 492 1840 origine
505 1787 531 1827 e't
540 1777 644 1828 advectu
659 1776 699 1826 dei
709 1776 880 1825 celeberrime.
891 1768 952 1821 Nec¹

32 1863 93 1896 aum
101 1847 212 1911 ignarus,
225 1861 278 1893 eree
288 1847 428 1912 quoidam,
439 1850 482 1914 qni
494 1851 640 1910 «seleucii,
651 1853 711 1900 rtrbe
720 1854 795 1919 Syrie
803 1887 810 1910 ,
819 1850 944 1902 accitum,

32 1931 158 1984 regnante
175 1919 327 1983 Ptolemaeo,
350 1939 425 1986 quem
445 1928 518 1976 tertio
537 1939 594 1978 retas
608 1929 707 1976 tnlito:
733 1928 776 1976 alii
790 1936 945 1974 «auctorem

32 1993 158 2045 eumdem
174 1993 354 2055 Ptolemaeum‚
382 1997 481 2062 sedem,
501 2017 533 2048 ex
552 2003 600 2064 quil
626 2004 765 2061 transierit,
782 1998 942 2064 Memplrimn

34 2071 189 2140 perhibent,
211 2069 333 2136 inclytam
355 2071 432 2132 olim,
449 2084 475 2120 et
492 2074 586 2122 veteris
603 2075 703 2138 AEgypti
717 2076 844 2122 columen.
861 2075 944 2120 Deum

35 2145 123 2211 ipsum
133 2144 208 2194 multi
225 2143 436 2211 oAEaculapium,
447 2145 517 2212 quod
529 2145 659 2196 medeatur
671 2149 741 2212 egris
751 2146 899 2211 corporibus
908 2161 922 2190 u
936 2163 944 2206 ς

35 2218 144 2284 quidam
162 2216 268 2265 «Osirin
277 2211 288 2281 ,'
298 2219 504 2284 antiquissimum
517 2221 567 2268 illis
575 2221 699 2285 ,gentibue
711 2236 844 2282 numenn3
862 2217 943 2282 pleri-

35 2309 89 2358 que
109 2288 238 2347 «lovem,
255 2302 282 2339 ut
293 2309 379 2341 rerum
393 2295 512 2344 omnium
527 2307 696 2360 potentemn3
712 2294 815 2360 plurimi
834 2310 848 2338 c
859 2291 946 2340 Ditem

34 2376 156 2433 patrem,
172 2363 327 2428 insignibus,
341 2383 394 2429 que
408 2369 503 2435 inipso
519 2369 692 2432 manifestae,
710 2379 753 2418 eut
770 2382 815 2434 per
828 2365 946 2428 ambages

35 2441 192 2501 conjectant.
391 2481 395 2489 .

73 2511 208 2563 LXXXV.
222 2515 263 2574 ,Ar
280 2511 440 2563 Domitianus
458 2515 655 2579 Mucianusque,
680 2527 814 2582 antequam
837 2511 945 2578 Alpibus

36 2586 255 2656 propinquarent,
275 2602 412 2651 prosperet
426 2603 513 2638 rerum
528 2591 554 2637 in
573 2588 690 2636 Treveris
704 2601 828 2654 gestarum
844 2585 947 2634 nuntior

35 2657 169 2725 accepere.
183 2658 312 2723 Praecipua
324 2659 523 2722 metonomice,
536 2662 587 2710 dux
599 2660 713 2711 hortium
721 2661 887 2718 Valentinus,
899 2673 948 2705 ne·

36 2744 166 2802 quaquam
184 2731 283 2794 abjecto
298 2734 398 2795 animo,
414 2751 477 2799 quoa
488 2738 592 2802 spiritur
609 2738 736 2801 gestiteet,
754 2737 827 2785 vultu
843 2731 947 2782 ferebat.

37 2805 152 2860 Auditur
165 2803 224 2854 ideo
239 2804 352 2865 tannim,
366 2820 396 2856 ut
409 2820 557 2857 nosceretur
571 2810 700 2874 ingenium
713 2810 783 2871 eius,
799 2809 948 2858 damnatur·

36 2897 91 2950 que
98 2916 106 2938 ,
118 2881 184 2927 inter
196 2881 280 2945 iprum
293 2880 446 2946 supplicium
455 2919 463 2946 ,
473 2883 637 2948 exprobranti
645 2884 745 2934 cuidam
758 2886 882 2950 «patriam
896 2883 950 2946 ejus

37 2966 140 3021 captam
153 2972 159 3001 :
173 2951 295 3019 Accipere
315 2972 341 3004 re
360 2957 480 3007 aolatium
499 2960 611 3009 mortiet>
632 2959 772 3026 respondit.
784 2958 833 3008 Sed
847 2958 949 3008 Mucia-

37 3047 106 3086 nua,
119 3025 188 3092 quod
200 3025 245 3075 diu
256 3030 443 3089 occultaverat,
460 3042 490 3080 ut
507 3047 595 3106 recepe
607 3034 765 3100 exprompsit
777 3049 782 3081 ε
798 3033 950 3095 «Quoniam

38 3101 196 3167 benignitate
213 3099 308 3161 dcem,
329 3102 495 3157 tractarius
512 3105 624 3156 hortium
640 3109 735 3173 lorent5
751 3121 842 3172 perum
859 3101 949 3152 decore

38 3177 218 3230 Domitianum
228 3212 236 3238 ,
246 3175 361 3225 confecto
369 3177 449 3243 prope
458 3178 527 3226 bello
537 3215 544 3238 ,
553 3179 638 3229 alienae
646 3180 731 3246 gloriae
738 3180 954 3234 interventurum..

39 3253 68 3303 Si
85 3261 166 3299 atatua
178 3249 292 3315 imperii,
307 3260 351 3298 aut
361 3249 429 3299 salua
442 3249 584 3300 Galliarum
595 3254 621 3300 in
634 3251 777 3320 discrimine
791 3261 947 3310 verteretur,

42 3326 161 3382 debriare
177 3324 301 3381 cenarem
320 3325 348 3378 in
360 3325 413 3378 acie
424 3334 505 3379 staret
518 3323 680 3382 Caniueletet
694 3328 851 3391 Beteroeque
861 3324 946 3374 mino-
