2100 3709
110 48 159 102 534
416 19 565 116 'esconio
585 52 698 97 ntem

116 140 196 207 qulm
206 149 237 189 nt
249 137 502 187 retentiriderentor.
516 138 680 198 Pretorisni,
692 151 757 200 quos
768 150 813 202 pet·
829 132 1028 185 simulationem

112 216 189 264 officii
198 215 285 277 legatis
292 210 361 259 Otbo
371 210 520 273 adjunxerat
529 247 535 265 ‚
544 211 645 259 remissi
652 244 660 268 ,
668 222 801 274 antequam
808 209 956 275 legionibus
966 207 1029 255 mis·

110 302 239 338 cenentur.
250 284 330 335 Addit
338 284 560 350 epistolasllsbius
569 286 672 343 Valens,
683 286 784 332 nornine
794 284 946 334 Germanici
957 298 1023 331 exer·

30 402 33 407 .
113 361 178 410 eittls
189 398 194 414 ,
207 360 238 406 ad
249 362 376 422 praetorias
386 371 410 406 et
421 360 527 407 urbanas
544 358 677 419 cobortes,
689 356 720 407 de
735 359 830 407 viribus
840 358 958 423 partium
971 371 1023 404 rua-

112 433 228 500 g'nificas,
238 447 263 481 et
272 432 433 481 concordiam
444 434 585 481 offerentes.
595 434 744 499 increpabat
753 430 834 490 ultre,
846 430 859 480 i
866 430 941 497 qubtl
954 427 1021 476 tantd

111 508 168 557 soti
183 502 427 574 traditom'lt'itellio
447 508 580 571 imperium
598 504 631 551 ad
650 505 779 554 Othonem
798 505 974 553 vertissent».
988 504 1022 549 lta

109 580 242 648 prontissis
253 580 329 627 simul
340 579 453 627 sentinis
463 576 642 642 tentabantur3
656 589 706 625 out
718 578 787 625 bello
796 578 921 643 impares,
929 578 956 623 itt
967 590 1023 641 pace

108 655 174 705 nibil
183 654 299 701 amissuri
308 670 323 699 ιι
335 672 340 698 :
350 668 432 715 neque
441 652 501 702 ided
510 653 722 717 pretorianorum
733 651 795 700 fides
805 662 917 699 mutata.

142 726 303 778 musea
322 724 528 774 insidiatores'ab
541 725 644 775 Othone
655 726 680 772 ln
693 725 874 789 Germaniam,
886 723 902 771 d
912 722 1020 771 Vitellio

108 800 135 849 ln
152 801 243 849 urbem
260 800 348 847 misai:
366 800 481 862 utrisque
493 798 585 847 frustrl
598 799 662 859 luit,
679 798 821 846 Vitellianis
839 795 964 863 impune,
981 810 1022 860 pet

107 886 207 922 tantam
226 872 358 920 bominum
377 871 570 919 multitudinem
590 870 678 919 mutui
695 871 837 936 ignorantil
852 868 1019 918 fallentibus:

108 947 260 1002 Otbonisni,
271 946 384 992 novitate
392 942 494 1003 vultos,
504 944 624 993 omuibus
632 946 741 993 invicem
752 948 819 1007 ignat
824 947 844 993 is
853 980 861 1006 ,
871 942 1020 1008 prodeban-

107 1017 163 1067 tur.v
171 1014 290 1064 Vitellius
300 1017 396 1065 litteras
407 1016 439 1063 ad
450 1019 471 1064 Τ
474 1020 594 1079 itionum,
608 1018 710 1067 fratrem
720 1018 845 1079 Othonis,
858 1016 1019 1081 composuit,

109 1090 234 1137 «exitium
245 1090 295 1153 ipsi
306 1090 409 1155 filioque
422 1091 496 1153 ejus»
507 1092 642 1152 minitans,
660 1095 705 1139 «ni
722 1092 862 1140 incolumes
874 1090 929 1137 sibi
945 1100 1021 1135 mater

107 1176 136 1211 sc
153 1163 225 1211 liberi
241 1172 400 1210 servarentur
408 1180 433 1226 ι..
455 1164 486 1218 Et
500 1168 572 1213 stetit
586 1164 678 1213 domus
696 1177 800 1227 utraque
812 1179 818 1211 :
831 1161 887 1211 tub
899 1161 1018 1210 Otboner

106 1234 231 1284 incertum
243 1253 274 1285 ιιι
285 1248 372 1299 metu3
385 1238 504 1287 Vitellius
514 1240 595 1290 victor
604 1240 743 1287 clementie
755 1239 860 1303 gloriam
873 1238 947 1289 tulit.

133 1308 263 1358 'Lxxvt
276 1309 376 1359 Primus
387 1310 483 1359 Othoni
501 1310 618 1359 fiduciam
634 1310 732 1359 addidit
746 1310 779 1359 ix
797 1310 901 1376 Illyrico
916 1312 1020 1360 nuntius

107 1380 225 1445 ‹tiurlsse
240 1385 266 1431 in
288 1400 346 1431 eum
364 1383 510 1441 Dalmatiae,
521 1400 551 1431 ac
566 1384 711 1442 Pannonia,
729 1394 755 1430 et
766 1383 859 1431 Moesia
871 1381 1017 1445 legionesa.

102 1455 178 1504 ¹Idem
186 1474 218 1507 ex
230 1457 351 1522 Hispanil
363 1457 483 1504 allatum:
495 1456 663 1520 laudatusque
670 1472 716 1521 pet·
727 1456 838 1505 edictum
850 1454 1017 1503 Cluviusllu·

63 1577 73 1591 s
104 1528 157 1592 lusj
172 1541 199 1577 et
209 1532 294 1579 statim
303 1531 434 1591 cognitum
444 1540 482 1575 est
489 1563 498 1590 ‚
507 1543 656 1575 conversam
667 1528 699 1575 sd
710 1530 845 1579 Vitellium
856 1528 1016 1593 Hispaniam.

106 1603 145 1653 Ne
158 1602 293 1666 Aquitanis
303 1602 408 1664 quidem
418 1638 426 1665 ,
436 1614 581 1664 quanquam
591 1599 606 1647 t
616 1602 630 1647 J
633 1602 685 1650 ulio
697 1598 783 1651 Cordo
801 1604 827 1651 ln
842 1604 919 1651 verba
931 1602 1016 1651 Otho-

106 1671 294 1734 nisobstricts,
314 1674 359 1720 din
370 1674 482 1727 mansit:
500 1678 628 1735 nusquam
641 1672 720 1729 fides,
738 1686 885 1723 antomon:
898 1685 971 1723 metu
991 1690 1017 1723 ac

105 1748 254 1795 necessitate
270 1744 322 1793 huc
338 1744 399 1789 illuc
420 1740 595 1790 mutabantur.
616 1742 711 1791 Esdem
731 1744 843 1795 formido
858 1748 1016 1829 protincism

105 1822 295 1875 Narbonensem
307 1817 340 1865 ad
353 1818 483 1865 Vitellium
497 1816 591 1873 restit,
607 1816 673 1868 sacili
688 1822 792 1870 transitu
803 1818 846 1871 ad
850 1839 981 1889 proximos
992 1822 1016 1871 'et

104 1895 250 1944 validiores.
269 1890 420 1955 Longinqua
441 1888 591 1956 provincia*
614 1904 639 1941 et
657 1893 782 1959 quidquid
800 1914 931 1947 simorum
954 1899 1015 1946 mari

104 1966 248 2018 dirimitur,
261 1980 337 2031 penes
348 1964 478 2012 Othonem
495 1964 649 2031 manebant3
668 1982 719 2015 non
730 1981 839 2034 partium
850 1970 958 2034 studio
973 1972 1014 2019 sed

104 2049 158 2089 erat
172 2036 267 2103 grande
281 2049 440 2087 momentum
453 2037 478 2084 in
493 2038 597 2085 nontiue
616 2039 701 2101 urbis,
716 2058 745 2089 ae
759 2056 884 2108 praetextu
895 2046 1012 2093 senatus.

103 2124 131 2162 et
142 2122 306 2178 qccttporetat
318 2115 415 2159 snimos
426 2112 494 2176 prior
510 2108 622 2160 auditus.
633 2113 765 2165 ludoicum
775 2114 1035 2197 exetcitumVespa

92 2188 208 2242 alanus,
224 2186 299 2253 Syrus
312 2187 423 2249 legiones
445 2185 578 2233 Mucianus
595 2202 751 2237 sacramento
771 2189 882 2238 Othonis
896 2190 1010 2256 adegere
1034 2206 1035 2225 ¹

97 2260 184 2316 ,Simul
197 2260 335 2323 AEgyptus
350 2273 488 2321 omnesque
509 2273 585 2305 verso
603 2276 629 2306 ιιι
642 2260 774 2309 Orientem
791 2263 949 2327 provincie,
965 2274 1035 2312 uo-'

101 2330 172 2379 mine
184 2330 237 2392 eius
248 2332 407 2379 tenebantur.
420 2328 492 2382 Idem
501 2328 594 2377 -Alricae
610 2332 793 2396 obsequium,
789 2333 886 2383 tuition
902 2336 1011 2383 Cartba-

101 2405 161 2470 gine
171 2416 237 2453 orto.
249 2404 338 2468 Neque
348 2403 489 2469 exspectate
500 2402 619 2466 Vipstani
628 2403 767 2470 Aproniani
777 2410 939 2469 proconsulis
951 2426 1010 2457 auc-

102 2476 222 2534 toritate,
235 2478 370 2539 Crescens,
386 2477 495 2527 Neronis
509 2477 616 2525 libertus
634 2476 705 2544 (lnam
719 2492 744 2526 et
758 2480 783 2527 bi
799 2481 872 2529 melis
884 2469 1011 2546 tempori-

101 2551 150 2599 bus
165 2563 263 2617 partem
276 2569 302 2602 se
316 2554 460 2618 reipublice
478 2550 572 2600 faciunt
583 2551 606 2618 ),
627 2554 732 2617 epulum
746 2555 813 2619 plebi
825 2590 831 2608 ,
852 2555 885 2601 ob
896 2556 1010 2609 laetitiam

101 2625 208 2674 recentis
217 2626 334 2689 imperii,
347 2627 488 2680 obtulerat,
504 2636 530 2671 et
544 2624 653 2689 populus
664 2626 782 2690 pleraque
801 2625 854 2673 sine
866 2629 948 2676 niodo
960 2630 1010 2679 les·

91 2699 200 2747 tinsrit.
209 2693 388 2763 Carthaginem
399 2709 487 2745 cetera
496 2698 611 2745 civitates
622 2711 721 2747 secute.

131 2769 264 2818 LXXVII.
277 2770 316 2819 Sic
329 2771 456 2819 distractis
467 2771 618 2821 exercitibus
630 2788 658 2820 ac
669 2772 810 2837 provinciis
820 2808 825 2830 ,
834 2773 942 2821 Vitellio
954 2776 1010 2838 qui·

100 2842 159 2891 dem
170 2843 200 2889 ad
210 2844 387 2907 capessendam
397 2845 553 2910 principatus
564 2845 691 2907 fortunam
701 2846 769 2893 bello
779 2862 842 2909 opus
853 2858 914 2894 erat.
930 2847 1008 2909 Otbo,

99 2930 130 2965 ιιι
137 2918 161 2964 io
171 2915 250 2965 multrl
259 2934 319 2981 pane
328 2954 334 2971 ,
344 2920 429 2964 munis
439 2920 540 2981 imperii
549 2918 637 2965 obibat
647 2939 653 2969 t
664 2918 775 2980 quaedsm
785 2937 815 2966 ex
823 2917 949 2983 dignitate
958 2925 1009 2970 rei·

99 2991 206 3057 publicae
221 3007 226 3036 :
239 2996 372 3054 pleraque,
387 3002 474 3050 eontra
489 2990 580 3045 decus,
594 3006 625 3036 ex
641 2996 818 3055 presentium
835 2995 1006 3057 properando.

101 3064 210 3121 Consul
222 3062 489 3118 cumTinanosraue,
505 3067 529 3110 in
540 3061 864 3128 KaleudssMattiasipse:
875 3066 1006 3129 proximos

99 3140 325 3204 mensesVerginio
336 3140 453 3197 destinat,
465 3149 494 3185 ut
505 3136 606 3201 aliquod
615 3138 746 3185 exercitui
750 3137 902 3185 Germanico
913 3138 1005 3188 delini·

99 3224 233 3261 mentum:
245 3216 357 3279 jungitur
366 3212 486 3277 Verginio
496 3210 617 3281 Poppaeus
631 3208 769 3275 Vopiscus
780 3220 903 3276 praetextu
913 3214 1004 3262 veteris

105 3287 233 3354 '‘aitiae,
247 3288 361 3357 plerique
372 3284 554 3339 Viennensium
564 3282 655 3335 honori
666 3286 754 3335 dsttttn
763 3285 1001 3352 interpretabantur
