2100 3709
277 63 544 124 ,ersnonrsarar
566 75 633 116 urs.
658 75 713 116 nr.
852 75 880 124 Q
916 56 968 138 393

47 161 137 226 xitum,
149 156 194 210 tea
205 159 344 227 proiratre,
354 178 402 229 pro
411 161 499 210 liberis
508 159 601 224 fratris,
613 175 701 228 preces
709 159 881 228 lacrymasque
892 173 963 212 sttu-

46 235 125 284 lisse.
133 236 239 284 Frustra
248 236 433 303 Vespasianum
443 235 536 294 timeri,
547 251 623 301 quem
633 248 670 285 tot
681 234 837 306 Germaniqae
844 234 967 300 legionen,

22 359 25 362 ,
47 319 94 358 tot
105 309 243 376 provinciae
254 310 348 374 ,uirtute
361 328 390 360 ac
399 309 465 368 lide,
474 321 578 377 ,tanturn
591 309 700 375 denique
716 322 837 359 terrarum
848 327 875 358 ac
888 313 968 363 maris

47 381 189 434 immensis
199 386 287 452 spatiis
298 397 392 436 arceat.
408 384 437 434 lu
448 377 511 435 urbe
523 401 552 434 ac
568 383 623 435 sinn
636 382 778 434 cavendum
789 382 903 447 bostem,
918 387 965 436 lu·

47 460 113 508 nios
128 459 305 525 Antoniosque
319 476 380 510 avos
391 458 540 524 iactantem,
555 461 599 525 qui
610 475 636 508 se
645 459 723 526 stirpe
733 458 907 526 imperatorii,
922 473 966 509 co·

47 550 123 584 mem
131 549 160 582 ec
167 535 327 601 magnificum
337 535 461 585 militibus
468 545 589 586 ostentet.
599 533 692 586 Versat
701 533 762 582 illuc
771 535 885 584 omnium
893 549 965 584 men·

50 616 113 667 tea,
130 609 192 658 dum
208 609 346 671 Vitellius,-
364 612 504 659 amicorum
521 607 734 672 inimicorumque
748 610 877 674 negligens
894 607 965 658 louet
994 602 997 606 ’

50 683 191 742 aemulum,
209 685 332 750 principit
346 685 448 734 labores
459 683 602 734 &convivio
615 693 828 750 prospectantem.
841 681 964 732 Redden-

48 754 115 806 dam
124 773 170 824 pro
181 758 361 826 intempestivi
374 757 461 808 laetitii
473 771 588 809 moestam
602 770 627 808 ct
637 757 769 808 funebrem
785 769 902 815 noctem,
914 752 964 822 qui

48 831 118 880 sciat
134 842 160 880 et
171 832 279 891 sentiat,
295 835 381 882 virere
396 833 533 884 Vitellium
545 869 552 893 ,
565 845 591 882 et
606 833 747 900 imperare,
760 843 786 882 et
799 829 895 896 siquid
911 833 964 882 lato

48 903 170 963 accidat,
183 906 262 954 filium
279 904 372 956 babere
382 924 408 957 u.

83 977 214 1027 xxxtx.
223 978 381 1044 ‚Trepidanti
399 981 464 1030 inter
481 983 564 1031 scelus
579 993 742 1048 metumque,
756 995 788 1030 ne
801 979 879 1029 dilata
889 977 964 1028 Blesi

48 1067 123 1102 mors
133 1064 260 1101 maturam
272 1054 427 1118 perniciem,
439 1055 522 1118 palam
537 1056 602 1118 jussa
616 1067 726 1106 atrocem
739 1054 861 1105 iuvidiam
873 1051 963 1113 ferret,

48 1126 151 1194 placuit
164 1142 262 1174 veneno
272 1125 390 1192 grassari.
402 1125 511 1176 Addidit
522 1127 626 1178 facinori
637 1129 727 1188 fidem,
738 1129 845 1180 notabili
854 1126 964 1194 gaudio,

47 1202 162 1251 Blaesum
176 1199 282 1255 viredo
294 1218 300 1249 ε
311 1201 372 1264 quin
385 1196 411 1247 ἐι
425 1199 511 1256 audita
523 1205 564 1249 est
578 1201 712 1250 sevissima
728 1202 827 1250 Vitellii
840 1217 904 1264 ror,
914 1200 962 1266 qui

48 1292 66 1324 st
80 1291 107 1324 se
119 1274 191 1343 (ipsa
207 1275 276 1322 enim
292 1273 367 1323 rerba
381 1271 504 1340 relerarn)
517 1275 616 1338 pavisse
631 1273 721 1324 oculos
733 1273 844 1342 spectati
864 1274 963 1325 inimici

48 1361 138 1403 morte
145 1367 160 1397 u
170 1348 298 1413 ,jactarit
309 1349 387 1396 Blaeso
396 1363 472 1414 super
480 1349 622 1398 claritatem
629 1347 768 1412 natalium,
779 1359 804 1398 et
813 1347 963 1412 elegantiam

47 1439 155 1477 morum
164 1421 241 1481 ,fidei
249 1421 386 1473 obstinatio
395 1421 453 1470 luit.
465 1419 575 1486 Integris
582 1435 682 1484 quoque
692 1421 780 1479 rebus,
792 1419 806 1468 it
816 1419 967 1478 Caciui,·et

47 1496 210 1565 primoribus
226 1497 356 1562 partium,
375 1493 425 1557 jem
441 1494 575 1543 Vitellium
591 1492 817 1560 adspernantibus,
834 1492 963 1550 ambitus,

49 1571 165 1620 ebanem
174 1568 345 1636 perseveravit
356 1591 362 1632 3
375 1580 476 1618 sauctus
483 1603 493 1630 ,
505 1567 664 1626 inturbidus,
674 1567 769 1616 nullius
777 1565 906 1632 repentini
915 1563 964 1612 ho·

49 1640 131 1703 noris,
138 1643 202 1692 adeo
215 1660 265 1691 non
274 1641 432 1718 principaptis
440 1655 562 1710 appetent
575 1659 580 1692 :
591 1657 681 1710 parum
690 1641 865 1708 effugerat„ne
874 1637 965 1705 dignus

50 1717 208 1768 crederetur.
433 1778 438 1785 .

86 1793 145 1845 XL.
155 1790 177 1842 F
178 1793 251 1842 abins
258 1792 362 1853 iuterim
369 1790 569 1852 Valens,multo
578 1807 608 1840 nc
615 1789 688 1839 molli
698 1786 965 1851 concubinarumspa·

52 1867 204 1931 donumque
216 1869 332 1934 agmine,
344 1865 446 1934 segniris
458 1866 534 1936 quim
547 1865 579 1916 ad
592 1866 689 1915 bellum
705 1863 838 1921 incedens,
851 1859 963 1928 uprodi·

51 1949 108 1992 tam
121 1939 135 1989 it
147 1941 244 1991 Lucilio
262 1943 340 1990 Basso
358 1945 531 1992 Ravennatem
549 1941 693 2002 classem»,
710 1928 854 2004 pernicibus
869 1933 965 1984 nuntiis

52 2015 164 2080 accepit.
173 2016 218 2079 Et,
230 2014 251 2064 si
260 2027 372 2083 coeptum
382 2015 607 2078 iterproperisset,
618 2023 751 2061 nutantem
760 2011 885 2062 caninam
896 2023 965 2075 pre-

51 2089 152 2148 venire,
162 2100 215 2154 aut,
222 2100 281 2138 ante
288 2089 423 2138 discrimen
430 2103 531 2154 pugnae,
540 2085 645 2149 adsequi
652 2086 763 2150 legiones
769 2086 902 2149 potuisset.
911 2082 965 2131 Nec

52 2165 169 2226 deerant,
178 2166 221 2230 qui
231 2176 374 2226 mouerent,
385 2181 400 2212 u
407 2176 436 2212 ut
444 2165 503 2211 curri
511 2159 651 2216 fidissimis,
660 2175 706 2224 per
716 2158 829 2206 occultos
839 2155 964 2218 tramites,

59 2238 141 2289 vitati
150 2237 269 2288 Ravenni
276 2274 283 2300 ,
294 2238 431 2289 Hostiliam
442 2236 629 2284 Cremonamve
640 2241 754 2298 pergeret
762 2246 788 2278 u.
803 2229 867 2278 Aliis
877 2229 965 2296 place·
985 2247 988 2255 Δ

53 2316 116 2373 hat,
127 2331 142 2362 <t
151 2306 237 2364 acenti
246 2330 277 2363 ex
286 2315 349 2364 urbe
359 2310 481 2380 praetoriis
490 2309 652 2368 cohortibus,
663 2301 747 2356 ualidi
756 2314 832 2352 mann
844 2317 965 2371 perrum-

54 2409 114 2458 pere
121 2409 145 2440 u.
157 2389 213 2458 lpse
224 2391 308 2440 inutili
313 2389 488 2448 cunctatione,
498 2385 590 2453 agendi
600 2396 716 2450 tempora
724 2379 893 2430 consultando
902 2395 965 2428 con-

53 2467 164 2533 sumpsit
178 2484 184 2514 :
197 2478 257 2516 mox
269 2472 406 2529 utrumque
418 2461 555 2521 consilium
568 2457 732 2525 adspernatus
742 2473 749 2514 r
761 2453 829 2518 quod
842 2455 907 2503 inter
917 2471 966 2502 an·

56 2540 143 2607 cipitia
152 2540 319 2591 deterrimum
328 2551 379 2600 est,
390 2537 451 2587 dnm
459 2535 544 2586 media
553 2533 683 2600 sequitur,
694 2545 741 2580 nec
750 2546 827 2580 ausus
837 2539 876 2578 eat
887 2529 963 2594 satis5
1045 2547 1046 2550 ¹

53 2632 102 2666 nec
116 2613 239 2680 providit.

90 2688 162 2738 XLI.
180 2687 268 2738 Missis
281 2683 312 2734 ad
321 2685 456 2753 Vitellium
468 2682 563 2735 litteris
575 2719 582 2746 ,
592 2680 726 2736 auxilium
734 2677 856 2745 postulat·
866 2673 966 2728 Venire

56 2775 110 2812 tres
122 2761 255 2824 cohortes,
266 2777 325 2811 cum
333 2759 371 2807 ali
380 2757 525 2808 Britannici
535 2795 541 2817 ‚
550 2773 631 2822 neque
642 2754 673 2804 ad
682 2751 820 2803 saliendum
831 2763 904 2818 aptus
914 2771 965 2808 uu-

58 2853 161 2896 merus,
176 2850 257 2900 ncqne
274 2833 306 2882 ad
316 2833 513 2900 penetrandum.
528 2831 578 2881 Sed
590 2831 684 2880 Valens
695 2845 727 2879 ne
739 2828 765 2877 in
780 2837 851 2876 tanto
864 2827 966 2891 quidem

57 2911 206 2960 discrimine
213 2907 318 2958 inlamii
324 2910 424 2972 caruit,
437 2907 574 2973 quominus
590 2918 679 2972 rapere
696 2903 797 2950 illicitas
809 2903 967 2968 uoluptates,

60 2985 242 3049 adulteriisque
258 2999 287 3034 ac
300 2984 395 3050 stupris
412 2984 524 3050 pqlluere
543 2980 672 3046 hospitum
689 2976 780 3026 domus
798 2975 965 3028 crederetur:

61 3058 165 3109 aderant
174 3059 226 3117 vis,
239 3067 264 3106 et
273 3057 392 3124 pecunia,
404 3068 430 3106 et
438 3057 536 3105 ruentis
545 3053 651 3104 fortunae
662 3051 800 3102 norissima
808 3048 898 3102 libido.
910 3047 967 3098 Ad·

62 3145 140 3183 ventu
151 3131 253 3181 demum
262 3125 379 3199 peditum
393 3131 559 3196 equitumque
567 3125 681 3195 ”pravitas
690 3125 791 3174 consilii
802 3123 897 3188 patuit,
907 3123 965 3187 quia

61 3225 111 3259 nee
121 3205 214 3255 vadere
224 3222 270 3272 per
279 3205 366 3254 hostes
373 3216 424 3253 tam
434 3203 512 3270 parri
524 3219 600 3251 mauu
611 3212 726 3268 poterat,
738 3196 837 3246 etiamsi
846 3195 967 3246 fidissima

5 3316 6 3319 =
43 3317 47 3322 ·
62 3285 143 3343 foret,
155 3297 202 3329 nec
217 3283 339 3346 integram
349 3278 426 3329 fidem
439 3278 585 3326 attulerant.
596 3275 682 3323 Pudor
693 3285 790 3326 tamen,
805 3281 830 3318 et
841 3272 969 3335 praesentis

59 3357 131 3414 ducis
148 3358 294 3408 reverentia
303 3354 466 3417 morabatur,
478 3349 678 3416 hauddiuturna
690 3344 870 3468 viucqpappud
883 3343 983 3414 aridos„
