2100 3709
69 0 111 51 t''·

67 85 179 140 Rubellii
186 81 290 143 Blandi,
299 83 371 150 cujus
380 103 468 146 arum,
479 81 622 146 munem,
632 85 744 150 equitem
751 87 897 138 Romanum
906 89 1005 156 ‚ple-

67 170 140 231 rique
149 160 326 212 meminerant.
333 160 454 209 Extremo
461 158 520 208 snrsi
525 173 595 208 mors
602 157 660 208 AElii
667 158 761 208 Lamiae
766 160 855 210 funere
862 165 1008 213 censorio

69 232 209 299 celebrata,
223 233 267 298 qui
282 232 484 282 administranda
497 232 576 299 Syrie
590 233 700 297 imagine
712 234 815 284 taudem
828 239 994 290 exsolutus,

70 315 127 364 urbi
138 308 268 376 prefuerat
279 324 285 354 :
297 322 375 371 genus
386 305 424 353 illi
434 305 556 355 decorum
564 322 573 368 5
582 305 668 356 vivida
677 320 810 374 senectus5
821 322 847 359 et
857 327 909 361 non
918 327 993 376 per-

62 387 148 448 ,missa
156 380 286 450 provincia
297 377 470 442 dignationem
481 377 624 428 addiderat.
639 379 722 440 llsin,
731 379 822 430 Flacco
833 383 992 449 Pomponio

71 461 148 529 Syrie
161 465 317 525 propraetore
330 453 451 504 defuncto
458 490 467 515 ,
479 453 617 504 recitantur
634 455 739 506 curarit
750 458 854 518 littere,
867 461 923 523 quis
937 461 991 510 in-

21 593 31 608 l
71 543 176 594 mahat
191 557 206 599 e
218 536 344 604 egregium
356 549 497 600 quemque,
510 545 536 582 et
547 534 665 601 regendis
676 535 829 584 exercitibus
842 535 991 601 idoneum,

71 617 183 669 abnuere
197 611 225 662 id
239 625 331 659 munus
346 623 353 655 t
366 622 443 672 seque
458 604 487 655 ed
498 607 685 657 necessitudine
696 608 729 657 ad
741 625 829 673 preces
839 612 913 676 cogi,
932 628 990 678 per

69 707 133 757 quas
145 683 316 738 consularium
329 683 409 746 aliqui
417 697 547 747 capescere
559 681 896 748 provinciasadigereuturu
910 683 987 732 obli-

68 774 110 812 tus
119 759 270 812 Arruntium
277 792 283 813 .
291 771 323 805 ne
329 755 477 821 Hispaniam
490 763 616 820 pergeret,
624 749 750 803 decimum
758 754 807 820 jam
814 757 988 804 annumatti-

69 836 133 884 neri.
151 832 222 881 Obiit
232 828 323 880 eodem
338 842 405 876 auno
418 838 444 875 et
459 827 496 877 lt.
512 825 638 894 lepidus,
654 826 685 877 dc
697 826 768 891 eujus
783 827 985 891 moderatione,
1035 817 1036 872 i

66 921 142 972 atque
151 906 289 972 sapientia,
300 893 327 952 iu
338 901 466 969 prioribus
475 902 548 950 libris
558 901 619 950 satis
632 903 760 952 collocavi
771 919 777 950 :
790 919 875 967 neque
894 905 981 954 nobi·
1035 889 1036 964 i

66 982 127 1030 litas
136 977 232 1028 diutius
241 974 436 1027 demonstranda
445 983 484 1022 est
491 993 498 1022 ι
505 975 600 1042 quippe
610 974 741 1024 AEmilium
750 991 828 1039 genus
837 975 982 1024 secundum

67 1053 194 1102 bonorum
205 1054 313 1112 civium,
326 1063 353 1101 ct
362 1049 407 1115 qui
416 1049 506 1100 eldem
514 1048 611 1100 remitit
621 1050 748 1117 corruptis
758 1047 888 1116 moribus,
902 1050 981 1100 illus-
1035 1111 1036 1118 ἵ

65 1129 100 1177 tri
112 1139 196 1176 tamen
206 1125 309 1177 fortuni
322 1125 404 1190 egdre.
459 1171 473 1195 ,
1035 1153 1036 1186 i

98 1201 221 1250 XXVIII.
228 1201 309 1250 Paulo
315 1199 408 1264 Fabio,
418 1199 449 1250 L.
455 1200 563 1253 Vitellio
574 1209 706 1268 coss.post
711 1199 818 1266 longum
826 1197 981 1246 seculorum

66 1274 204 1333 ambitum,
216 1275 269 1323 svis
279 1274 383 1340 phoenix
394 1279 420 1324 in
429 1276 566 1343 AEgyptum
578 1275 660 1338 veuit,
671 1273 828 1340 praebuitque
838 1267 979 1319 materiem
1035 1285 1036 1304 ³

15 1341 29 1346 ”
66 1349 222 1400 doctissimis
230 1348 421 1415 indigenarum,
432 1348 614 1400 etGraecorum
622 1385 629 1408 ‚
638 1349 719 1398 multa
730 1360 842 1412 supereo
851 1343 980 1392 miraculo

66 1421 206 1473 disserendi
218 1441 225 1472 :
236 1422 371 1489 dequibus
382 1435 539 1488 congruunt,
555 1435 580 1472 et
591 1423 664 1489 plura
675 1415 856 1488 ambigtss‚sed
869 1416 979 1482 cognitu

65 1510 120 1549 uon
132 1496 256 1557 absurde,
271 1513 390 1565 promere
403 1497 476 1546 libet.
494 1497 599 1546 Sacrum
612 1497 666 1544 Soli
681 1494 708 1543 id
722 1493 830 1550 animal,
846 1501 872 1538 et
888 1504 932 1536 ore
947 1503 979 1536 ac

65 1571 187 1623 distinctu
204 1571 341 1638 pinnarum
357 1570 372 1618 l
385 1569 475 1617 ceterIs
486 1569 576 1614 aelbus
590 1566 717 1613 diversum
727 1600 734 1621 ,
744 1565 919 1624 consentiunt,
930 1561 978 1628 qui

65 1643 174 1695 lormsm
195 1647 253 1707 ejus·
264 1641 391 1688 definiere.
413 1639 450 1684 De
465 1649 573 1684 numero
590 1651 714 1685 annorum
729 1637 798 1684 uaria
816 1635 974 1686 traduntur:

63 1717 173 1767 maxime
184 1714 315 1777 vulgatum
323 1749 329 1768 ‚
338 1710 535 1774 quingentorum
544 1711 653 1773 spatium
667 1728 673 1758 :
686 1719 742 1759 sunt
753 1709 797 1773 qui
805 1708 975 1773 adseverent,

64 1789 136 1840 mille
151 1784 346 1852 quadringentos
358 1782 485 1844 sexaginta
502 1797 580 1828 unum
594 1782 719 1850 interjici5
733 1781 881 1848 prioresque
899 1784 976 1836 alites

64 1860 202 1912 Sesostride
209 1856 333 1924 primum,
343 1853 400 1921 pbst
407 1850 527 1904 Amaside
535 1852 738 1918 dominantibus,
749 1855 808 1906 dein
818 1856 973 1919 Ptolemae,

65 1937 109 2000 qui
121 1952 152 1984 ex
162 1929 344 1984 Macedonibus
355 1927 441 1976 tertIus
452 1929 580 1992 regnavit,
590 1930 615 1978 in
627 1929 767 1994 civitatem,
778 1931 819 1980 cui
828 1931 974 1999 Heliopolis

65 2025 168 2066 nomen,
178 2003 343 2062 advolavisse,
350 2003 431 2052 multo
442 2013 584 2054 ceterarum
593 2003 726 2056 volucrum
733 2007 866 2063 comitatu,
875 2022 972 2055 novum

64 2081 155 2134 faciem
166 2076 321 2128 mirantium.
334 2075 383 2125 Sed
394 2077 531 2142 antiquitas
548 2079 653 2144 quidem
668 2080 791 2130 obscurae
805 2081 869 2128 inter
880 2078 972 2129 Ptole-

65 2150 970 2221 meeumac'l'iberiumminirsducentiquinquagintaauuilueruut:uude

14 2275 15 2278 ,
65 2225 279 2282 nonnullit‘alsum
289 2224 512 2293 huncpboeuicem‚
522 2243 603 2291 neque
608 2225 741 2278 Arabum&
750 2229 822 2278 terris
827 2227 968 2290 credidere,

66 2303 179 2366 nihilque
190 2301 347 2366 usurpavisse
368 2297 460 2359 erbis,
476 2315 531 2362 que
545 2312 617 2349 vetus
629 2301 752 2352 memoria
763 2303 874 2351 firmavit
886 2319 893 2349 ι
905 2318 968 2351 con·
1036 2299 1037 2318 ¹

64 2378 131 2429 lecto
146 2379 239 2444 quippe
254 2392 380 2427 annorum
399 2388 522 2430 numero,
538 2373 584 2423 ubi
597 2392 667 2424 mors
686 2379 854 2444 propinquet,
872 2378 924 2425 suis
940 2377 968 2428 iu

63 2449 967 2519 terrisstruerenidum.eiquevimgenitalemadluntlere,esqulIcarum
1036 2461 1037 2492 ἓ

62 2529 123 2576 oriri
132 2547 137 2576 :
146 2540 171 2576 et
179 2527 286 2593 primaru
295 2525 382 2575 adulto
391 2530 477 2574 curaui
486 2525 623 2591 sepeliendi
633 2527 710 2592 patris
719 2549 725 2590 ς
738 2543 818 2592 neque
826 2527 851 2574 id
859 2527 964 2591 temere,
1036 2589 1037 2592 Ἴ

63 2600 107 2649 sed
116 2596 215 2650 sublato
224 2599 331 2648 murrhae
340 2598 465 2662 pondere,
477 2610 624 2662 tentatoque
633 2614 678 2663 per
686 2599 789 2665 longum
799 2600 857 2661 iter,
868 2597 911 2648 ubi
920 2617 965 2666 par
1036 2593 1037 2616 ¹

62 2675 149 2730 oneri,
164 2685 209 2737 par
222 2672 317 2718 meatui
329 2673 376 2728 sit,
392 2672 477 2719 subire
489 2672 601 2737 patrium
614 2687 705 2736 corpus
713 2709 721 2736 ,
733 2675 808 2736 inque
822 2671 885 2718 Solis
897 2689 964 2722 aram
1011 2729 1015 2734 ,

62 2746 186 2812 perferre,
200 2754 274 2806 atque
287 2740 397 2790 adolere.
410 2742 470 2790 Haec
480 2746 576 2794 incerta
589 2756 614 2792 et
625 2743 744 2794 sabulosis
753 2753 836 2791 aucta.
846 2742 963 2794 ceterum

62 2817 159 2882 adspici
170 2812 305 2878 aliquando
315 2817 340 2863 irs
350 2817 457 2882 Egypto
469 2833 524 2866 earn
536 2819 679 2878 volucrem,
692 2833 743 2866 uon
753 2817 897 2882 ambigitur.

92 2889 198 2962 XXJX.
207 2889 332 2936 lltlloma
342 2888 407 2942 caede
415 2892 543 2950 continui,
555 2893 709 2956 Pomponius
717 2892 811 2951 Labeo,
822 2907 962 2957 quempse·

61 2961 138 3012 luisse
147 2960 240 3010 Moesiae
250 2962 338 3026 retuli,
348 2979 393 3029 per
403 2964 521 3031 abruptas
531 2980 608 3013 venas
616 2966 763 3030 sanguinem
773 2963 960 3031 cilirdi13te1uu-

60 3035 160 3101 lataque
170 3033 413 3100 estcoujuxl’axas:
424 3054 483 3085 nam
492 3050 624 3102 promptas
634 3037 759 3098 eiusmodi
768 3049 872 3101 mortes,
883 3052 960 3088 metus

60 3110 184 3158 carnificis
197 3105 305 3158 iaciebat
318 3127 324 3158 ε
338 3121 363 3159 et
378 3111 435 3174 quia
449 3109 574 3167 damuati,
585 3111 722 3178 ¹publicetis
736 3114 826 3172 bunis,
838 3113 958 3178 sepulturi

60 3180 272 3247 prohibebantur3
282 3199 371 3232 eorum
378 3186 422 3247 qui
429 3183 460 3231 de
467 3199 493 3232 se
501 3175 656 3250 statuebant,
666 3186 836 3240 humabantur
844 3203 957 3252 corpora,

60 3254 196 3324 pluebant
209 3265 369 3335 tettgntcuts,
385 3258 497 3329 pretium
508 3255 655 3318 festinarat.
667 3261 717 3338 Sed
729 3265 824 3332 Cesar,
837 3262 917 3314 missis
929 3259 956 3313 sd
