2100 3709
116 114 165 165 ιφ
434 114 459 153 c.
478 115 572 150 corn.
591 114 703 153 ructat

117 195 178 241 saria
184 202 303 251 constat,
315 189 343 240 ui
357 192 452 241 velox
446 197 565 259 ingenio,
570 197 680 245 mobiba
690 194 850 263 poenrtenud
864 208 891 247 et
906 195 1036 265 ingentes

117 267 236 316 adsersus
254 264 415 313 Germaniam
431 281 536 317 conatus
555 268 645 318 frustra
665 269 779 338 luissent
799 270 879 319 Divus
898 272 1029 321 Claudius

117 353 206 387 auctor
220 340 317 402 operis,
329 341 477 388 transvectis
487 341 629 406 legionibus
641 344 804 417 auxiliisque,
819 354 844 393 et
855 357 988 410 assumpto
998 346 1028 392 in

117 422 215 477 partem
228 425 310 458 rernm
323 410 494 494 Vespasium»,
510 412 597 475 quod
591 406 691 463 mitium
709 425 819 462 venture
836 430 897 463 mox
914 414 1028 465 fortunae

116 484 180 531 init:
192 484 293 532 domitae
303 492 398 547 gentes,
407 484 475 549 capti
483 501 563 549 regas,
574 496 599 533 et
610 498 765 535 monstratus
772 486 829 535 iaus
837 488 1030 570 Vespasianus.

150 555 223 605 XlV.
236 555 410 603 Consularium
421 557 519 619 primus
531 558 612 607 Aulus
626 558 740 607 Plautius
751 558 909 624 prepositus.
920 576 951 607 ac
961 560 1030 607 aub-

118 629 176 689 inde
190 628 308 677 Ostorius
322 628 428 692 Scapula
436 667 445 690 ,
460 641 565 693 uterque
577 631 644 679 bello
658 631 785 695 egregius:
801 630 957 694 redactaque
967 648 1032 697 pau·

80 763 83 768 ¹
117 704 190 751 latim
203 704 229 749 in
245 700 353 749 [ormam
368 699 506 766 provincie
517 703 631 767 proxima
645 719 702 766 pars
712 704 863 751 Britannia:
882 704 972 751 addita
984 706 1029 751 in-

118 792 193 843 super
202 786 377 825 veteranorum
386 775 502 823 colonia:
515 773 628 839 quadam
637 774 752 825 civitates
766 775 899 841 Cogiduuo
910 776 968 841 regi
979 776 1031 825 do-

117 862 181 900 nata
194 847 230 914 (is
243 846 276 894 ad
286 858 399 902 nostram
410 848 647 911 usquc'memoriam
661 846 795 898 fidissimus
807 849 931 915 mansit),
941 861 1029 899 retere

119 937 148 971 ac
160 921 209 985 jam
222 918 323 984 pridem
338 917 437 983 recepti
448 918 538 984 populi
551 918 659 966 Romani
674 918 869 977 consuetudine,
882 931 912 969 ut
921 920 1031 969 baberet

120 997 287 1043 instrumenta
296 992 423 1040 servitutis
432 1002 457 1038 et
466 1005 548 1055 reges.
556 990 616 1038 Mos
625 989 717 1039 Didius
729 991 818 1042 Gallus
827 1004 898 1058 parta
909 992 924 1041 ὲ
935 996 1029 1059 priori-

118 1069 167 1116 bus
184 1066 326 1126 continuit,
337 1067 426 1131 paucis
440 1064 578 1113 admodum
592 1065 700 1113 castellis
715 1066 741 1113 iu
752 1066 872 1114 ulteriora
880 1068 1030 1131 promotis,

118 1156 164 1205 per
175 1157 228 1204 quae
240 1139 304 1187 lama
319 1141 387 1188 ancti
397 1138 472 1187 officii
483 1148 644 1202 quaereretur.
658 1138 760 1187 Didium
773 1132 896 1189 Veranius
909 1142 1028 1206 excepit,

118 1215 190 1277 isque
200 1212 265 1261 intra
273 1228 366 1261 annum
376 1213 512 1261 exstinctus
519 1222 565 1259 eat.
574 1208 708 1260 Suetonius
714 1210 774 1261 binc
781 1210 910 1261 Paullin'us
919 1213 1029 1261 biennio

117 1300 252 1352 prosperas
264 1302 304 1335 rea
314 1284 418 1343 habuit,
433 1285 543 1333 subactis
555 1285 699 1333 nationibus
714 1283 867 1349 firmatisque
881 1287 1028 1361 presidiis:

76 1388 80 1395 ·
114 1376 227 1434 »qnorum
234 1360 325 1409 fiducil
334 1360 438 1411 Monam
447 1358 565 1419 insulam,
572 1372 601 1409 ut
611 1362 676 1409 vires
683 1359 751 1409 rebel
756 1354 1017 1409 lrbusmmratrautem
1018 1398 1029 1422 ,

39 1490 46 1500 ι
118 1423 266 1498 adgressus,
274 1445 342 1497 terga
352 1434 480 1486 occasioni
471 1432 619 1505 patefecit.

150 1509 209 1556 XV
225 1509 339 1573 Namque
357 1508 481 1559 absentii
488 1508 565 1573 legati
578 1518 676 1557 remoto
693 1518 778 1565 metu,
796 1507 909 1555 Britanni
930 1508 1026 1573 agitare

119 1580 185 1628 inter
194 1596 220 1628 se
229 1584 294 1630 mala
305 1583 441 1643 servitutis,
453 1574 584 1627 conferre'
578 1580 691 1643 injurias,
701 1591 726 1628 ct
735 1580 926 1647 interpretando
939 1598 1028 1629 acceu-

119 1654 179 1702 dere
191 1674 196 1701 :
209 1654 302 1702 «Nihil
312 1654 399 1720 profici
410 1652 546 1717 patieutii.
560 1652 610 1699 nisi
620 1663 649 1699 nt
662 1654 794 1716 graviora,
808 1664 928 1717 tauquam
940 1672 972 1703 ex
985 1654 1026 1702 fa-

118 1728 162 1772 cili
180 1727 360 1781 tolerantibus,
381 1726 559 1789 imperentur:
579 1724 691 1789 singulos
706 1724 752 1771 sibi
768 1723 830 1773 olim
847 1742 918 1792 reges
933 1728 1028 1790 luisse,

119 1815 188 1849 nunc
201 1799 275 1846 binos
293 1797 403 1861 imponi,
418 1796 432 1842 ὲ
445 1795 539 1859 quibus
553 1796 648 1859 legatus
660 1795 687 1842 in
699 1797 860 1861 sanguinem,
874 1813 1029 1864 procurator

118 1872 147 1920 in
160 1872 226 1918 bona
238 1870 355 1917 saisiret:
372 1868 439 1931 aeque
451 1866 603 1915 discordiam
618 1869 826 1933 prepositorum,
837 1871 905 1934 aeque
915 1888 1027 1920 concor-

120 1943 188 1989 diam
207 1938 327 2004 subjectis
342 1941 490 1988 exitiosam:
502 1940 607 1989 alterius
622 1956 723 1998 manus,
734 1945 894 1991 centuriones
905 1945 1027 2001 alterius,
1041 1978 1042 2017 ,

118 2016 171 2061 aim
179 2024 204 2062 ct
213 2013 380 2061 contumelias
388 2014 506 2062 miscere:
515 2012 577 2061 nihil
585 2013 636 2077 iam
646 2014 788 2079 cupiditati,
800 2016 861 2064 nibil
871 2015 977 2064 libidini
985 2034 1029 2067 ex·
1041 2020 1042 2064 l

119 2087 1028 2155 ceptum:inpreliofortioremessequispolieqnuncabignavispler'nm·

79 2174 86 2183 ·
120 2178 195 2226 mque
202 2173 227 2210 et
235 2162 378 2228 imbellibus
387 2164 450 2227 cripi
459 2162 675 2226 domos,abstrabi
683 2164 786 2223 liberos,
793 2164 888 2227 injungi
898 2163 1027 2220 deiectus,
1040 2164 1041 2171 ’

121 2235 550 2301 tauquammoritantiampropatrii
558 2236 735 2285 nescientibus:
742 2248 863 2299 qnantum
870 2239 940 2284 enim
950 2248 1027 2284 trans·

113 2309 171 2355 isse
182 2310 304 2371 militum,
321 2309 341 2356 ai
353 2326 406 2357 sese
421 2310 538 2357 Britanni
550 2306 703 2359 numerent?
716 2309 751 2357 sic
769 2310 916 2359 Germanias
932 2324 1027 2358 excus-

117 2381 183 2428 sisse
192 2380 279 2446 iugum
287 2402 295 2447 3
304 2392 329 2429 et
338 2383 454 2445 flumine,
467 2399 518 2431 non
525 2384 627 2431 Oceano
638 2380 738 2429 delendi
749 2401 756 2428 ι
767 2382 816 2430 sibi
826 2384 953 2447 patriam,
965 2399 1028 2431 con-

121 2454 200 2521 juges,
210 2467 337 2521 parentes:
349 2456 399 2504 illis
410 2458 542 2510 avaritiam
553 2462 579 2504 et
589 2456 714 2504 luxuriam
728 2470 815 2503 causas
829 2456 889 2503 belli
900 2472 954 2503 esse
967 2474 972 2503 :
987 2472 1026 2504 re·
1039 2464 1040 2522 J

122 2546 235 2578 cessuros
244 2542 273 2578 ut
282 2529 355 2580 dirus
363 2528 444 2577 lulius
453 2532 594 2579 recessisset
603 2566 609 2588 ,
620 2529 697 2579 modis
711 2530 817 2577 virtutes
826 2532 951 2592 maiarum
966 2546 1026 2578 suo-

121 2618 179 2651 rum
191 2603 381 2666 amisissemus,
393 2616 457 2649 nsve
465 2602 542 2667 prelii
551 2602 626 2649 unius
637 2612 681 2648 aut
691 2601 793 2649 alterius
804 2612 894 2650 eventu
904 2614 1027 2667 pavesce-

122 2688 179 2723 rent
187 2677 257 2739 :plus
265 2673 375 2740 impetiit
383 2710 389 2729 ,
398 2674 520 2736 majorem
527 2672 693 2721 constantiam
703 2682 780 2737 penes
788 2673 893 2721 miseros
900 2691 953 2724 esse
965 2678 1026 2741 :jam
1038 2704 1039 2727 ι

59 2748 66 2761 '
122 2744 1027 2808 Britannorumetiamdensmisereri‚quiRonranumducemabsentem,

125 2823 167 2885 qui
178 2824 315 2885 relegatam
324 2825 350 2870 in
360 2822 407 2871 atis
416 2822 496 2871 inauli
508 2820 643 2871 ¹*xercitum
651 2818 744 2867 detinet
749 2832 792 2867 eut
801 2814 808 2867 :¹
814 2819 950 2886 jamipscs,
960 2822 1023 2887 quod

123 2892 299 2942 difficillimam
311 2893 403 2950 luerit,
419 2895 576 2943 deliberare:
589 2893 665 2959 porri)
678 2892 704 2947 in
716 2892 840 2961 ejusmodi
854 2894 969 2945 consiliis
983 2912 1024 2962 pe·
1037 2954 1038 2957 Ἰ

18 2988 21 3002 ·
53 3029 57 3036 .
122 2967 255 3017 riculosius
264 2986 317 3020 esse
327 2968 495 3035 deprehendi,
503 2967 582 3053 qu'am
593 2968 684 3015 audere
693 2983 719 3016 u.

153 3036 364 3107 XVKiliautque
372 3044 481 3095 talibus
475 3041 585 3091 rn'ricem
594 3040 720 3099 instincti,
731 3022 842 3088 Voadici
854 3043 956 3105 generis
966 3043 1025 3107 regii

110 3179 112 3183 ,
123 3115 216 3165 lentini
227 3115 291 3165 duce
301 3118 470 3181 (nequeenim
480 3129 567 3163 sexum
579 3115 604 3161 in
614 3114 727 3177 imperiis
736 3110 891 3179 discernunt)
899 3117 1037 3197 sumpsere

124 3188 233 3235 universi
247 3190 359 3239 bellurn:
372 3204 401 3235 ac
413 3204 511 3253 sparsos
520 3202 564 3251 per
572 3186 672 3235 castella
683 3186 776 3233 milites
788 3188 941 3245 consectati,
955 3204 1024 3252 expu-

124 3262 206 3328 gnatis
219 3262 376 3326 prasidiisss
369 3278 449 3329 ipsam
461 3262 586 3310 coloniam
600 3261 727 3327 invasere,
740 3273 767 3308 ut
780 3259 865 3309 dedem
879 3263 1022 3315 servituris.

124 3351 172 3385 uec
184 3336 283 3390 ullum
277 3354 303 3391 sn
314 3337 426 3398 barbaria
439 3335 537 3392 sacritiae
549 3351 627 3407 genus
638 3336 725 3385 omisit
736 3336 772 3387 ita
783 3346 808 3385 st
822 3336 939 3389 victoria.
955 3333 1022 3403 Quid

397 3439 466 3673 ‘i
