2100 3709
256 64 580 126 nrsronrarnn'sre.
603 88 646 127 rs.
856 74 906 143 427

15 181 114 236 tmpore
127 170 231 235 quidem
242 170 274 219 ed
288 170 453 219 ordinandam
464 170 545 219 aciem
555 183 630 237 capto
644 168 821 236 ,incompositi
832 170 906 227 lessi,-

15 259 44 291 ue
63 244 180 309 praelium
201 242 348 307 sumpsere:
369 254 429 291 nam
445 244 534 292 Civilis
552 244 652 304 aderet,
667 260 719 293 non
738 242 823 292 minsis
838 242 907 291 vitiis

17 317 111 365 ostium
121 351 128 377 ,
140 318 214 381 quim
227 318 320 365 virtute
334 333 437 366 suorum
449 316 538 369 fretus.
548 320 626 367 Varia
636 309 704 383 opud
713 316 842 366 Romanos
851 314 906 363 for·

15 404 116 448 una,et
132 392 337 441 seditiosissimus
355 392 459 456 quisque
474 393 580 456 ignavus
598 412 604 441 r
622 392 723 456 quidam
733 392 840 441 recentis
853 390 910 437 vic-

15 465 73 513 oriae
83 481 222 524 memores,
233 468 343 515 retinere
351 468 451 526 locum,
463 466 538 516 ferire
546 467 658 531 hostem,
668 482 742 532 seque
750 478 775 514 et
783 466 911 530 proximos

15 540 118 587 tortari:
134 550 160 587 et
176 538 348 603 redintegratis
361 541 429 599 acie,
444 552 535 591 manus
545 541 579 590 ad
595 541 711 589 obsessos
726 539 843 597 tendere,
859 547 914 587 ene

15 612 115 677 empori
131 612 247 661 deessent
256 628 281 661 u.
293 612 346 667 llli,
358 626 447 661 cuncta
460 614 472 662 ὲ
482 616 561 664 muris
569 626 714 673 cernentes,
725 614 843 663 omnihus
854 628 915 677 per·

16 684 36 731 is
52 698 233 750 prorumpunt.
247 685 284 735 Ac
302 686 366 735 forti
379 688 468 735 Civilis
481 690 554 755 lapsu
571 689 630 753 equi
649 700 807 755 prostratus,
822 684 917 734 crediti
939 705 953 716 ..

15 774 48 803 rer
61 768 199 822 utrumque
213 760 352 809 exercitum
367 760 447 822 sami,
465 764 651 828 «vulneratum
664 774 708 811 aut
718 759 917 815 intersectum»,

15 844 116 878 mmane
127 842 249 894 quantum
263 834 314 881 suis
325 836 424 899 pavoris
435 872 441 892 ,
454 847 480 883 et
489 836 605 892 hostibus
618 835 755 885 alacritatis
771 830 874 881 indidit.
935 869 944 879 ι

43 902 161 955 XXXV.
174 904 223 953 Sed
231 906 342 969 Vocula,
353 907 610 973 omississugientium
620 908 710 972 tergis,
723 907 815 956 sallum
823 910 921 953 turres·

15 990 53 1037 [ue
69 989 212 1025 castrorum
230 980 351 1043 augebat,
370 991 488 1043 tanquam
507 980 593 1031 rurst'rs
607 982 735 1030 obsidium
750 979 914 1029 immineret:

15 1047 128 1113 :orruptal
140 1049 234 1095 totiens
241 1046 361 1105 victorii,
374 1065 426 1097 non
435 1049 498 1099 saled
507 1064 640 1116 suspectus
648 1053 744 1100 bellum
753 1050 838 1099 malle.
849 1046 921 1098 Nihil

15 1120 73 1184 eque
85 1121 212 1169 exercitus
224 1129 339 1179 nostros,
356 1117 432 1182 quim
447 1132 543 1185 egestus
554 1122 686 1187 copiarum
698 1120 827 1187 fatigabat.
836 1124 919 1186 lmpe·
958 1161 966 1175 ,

15 1192 118 1241 limeute
134 1193 264 1276 legionum
280 1206 338 1239 cum
354 1192 452 1240 imbelli
464 1192 539 1241 turbd
553 1194 691 1243 Novesium
702 1193 794 1256 missi,
806 1193 918 1255 mindo,

15 1268 122 1317 terrestri
134 1266 241 1323 itinere,
251 1263 408 1313 frumentum
417 1262 581 1315 adveherent
593 1265 660 1316 Nam
668 1264 774 1313 flumme
782 1265 920 1330 lrostespo
962 1330 964 1332 ι

15 1340 149 1389 iebantur.
162 1327 277 1389 Primuin
276 1351 380 1403 agmen
390 1353 507 1387 securum
518 1338 634 1395 incessit,
648 1337 762 1387 nondum
773 1338 833 1387 satis
844 1338 924 1388 firmo

15 1413 109 1463 Civile:
121 1412 181 1479 qui,
194 1412 237 1460 ubi
248 1428 262 1458 (ι
273 1426 358 1459 rursus
367 1410 457 1461 missos
467 1409 608 1461 Novesium
617 1410 823 1472 frumentatores,
834 1412 919 1460 datas·

15 1502 55 1549 que
68 1487 96 1534 in
107 1482 257 1552 presidium
270 1482 400 1545 cohortes,
416 1483 487 1532 velut
500 1483 581 1533 multi
595 1498 656 1549 pace
668 1484 790 1551 ingredi»
807 1486 920 1551 accepit:

15 1560 92 1612 iarum
109 1552 180 1624 apud
194 1557 264 1623 signa
281 1557 406 1615 militem,
422 1570 491 1605 erma
504 1556 531 1605 in
547 1553 686 1616 vehiculis,
702 1569 807 1622 cunctos
819 1557 922 1607 licentii
975 1590 979 1598 =

15 1650 98 1699 sagos,
114 1633 272 1699 compositus
286 1632 384 1683 insedit
395 1650 401 1681 x
412 1632 560 1699 premissis,
573 1634 618 1698 qui
627 1646 718 1699 pontes
728 1646 754 1683 et
766 1634 864 1683 viarum
875 1650 924 1681 an-

15 1706 390 1772 gustainsiderent‘AEugnatum
398 1707 475 1771 longo
483 1705 594 1771 agmine,
602 1718 627 1756 et
638 1708 737 1762 incerto
746 1708 835 1768 Marte,
842 1707 923 1756 donec

15 1782 121 1845 prelium
139 1796 192 1831 uox
208 1779 347 1830 dirimeret.
359 1780 482 1830 Cohortes
494 1780 639 1831 Geldubam
657 1781 803 1848 perrexere,
814 1798 923 1831 manen·

15 1853 110 1919 tibus,
108 1853 264 1911 mineram,
277 1853 378 1913 cestris,
394 1870 447 1921 quae
458 1854 605 1905 relictorum
617 1855 670 1904 illic
683 1856 794 1905 militum
805 1852 925 1921 praesidio

15 1927 174 1975 terrebantur.
185 1927 243 1973 Non
256 1936 311 1974 erat
325 1924 448 1983 dubium,
467 1939 590 1990 quantum
603 1930 630 1977 in
641 1944 755 1995 regressu
769 1927 923 1979 discriminis

15 1997 157 2049 adeundum
175 1998 258 2058 louet,
278 1998 505 2046 frumentatoribus
527 2002 626 2047 onustis
643 2002 824 2064 perculsisque.
840 1992 924 2051 'Addit

15 2076 139 2123 exercitui
149 2090 194 2123 sno
205 2073 305 2123 Vocula
316 2072 386 2119 mille
399 2070 509 2119 delectos
517 2069 643 2133 ‚eqnintd
654 2083 679 2119 et
688 2073 873 2135 qniutdderima
882 2076 922 2121 le·
968 2065 973 2073 ’

15 2146 133 2209 gionibus
147 2145 214 2211 apud
232 2145 325 2195 Vetere
336 2144 460 2197 obsessis,
475 2141 628 2190 indomitum
641 2142 764 2207 militem,
777 2156 802 2206 et
818 2145 923 2193 ducibus

15 2218 150 2269 infensum.
162 2220 266 2282 Plures,
279 2215 354 2283 quim
366 2210 464 2279 jussum
474 2227 543 2277 erat,
554 2216 660 2282 profecti
671 2251 678 2276 ,
690 2215 773 2282 pallrm
785 2219 812 2266 in
822 2219 922 2281 agmine

15 2292 167 2357 fremebant,
178 2303 248 2343 enon
257 2310 282 2341 se
293 2291 358 2341 ultrir
368 2292 472 2353 l'emem,
480 2290 585 2339 insidias
591 2291 732 2355 legatorum
741 2294 892 2341 toleraturos
899 2307 925 2340 n.

18 2364 67 2423 As,
79 2368 123 2430 qui
133 2375 320 2422 remanserant,
335 2382 349 2411 e
360 2362 475 2412 desertos
485 2380 527 2425 se,
544 2361 653 2411 abducti
667 2375 740 2429 parte
752 2365 881 2428 legionum
891 2380 923 2426 r),

20 2443 201 2504 querebantur.
217 2441 318 2505 Duplex
329 2437 388 2487 bino
401 2437 491 2487 seditio
504 2456 509 2489 :
526 2439 582 2488 eliis
593 2438 770 2488 revocantibus
780 2440 925 2505 Voculam,

17 2513 71 2563 aliis
83 2515 165 2563 redire
176 2520 200 2563 iu
211 2527 291 2563 castre
302 2512 481 2562 abnuentibus.
976 2577 980 2580 Ι

49 2590 172 2639 XXXVI.
179 2588 285 2637 Interim
293 2586 378 2635 Civilis
385 2584 477 2635 Vetera
484 2584 655 2635 circumsedit.
662 2586 759 2636 Vocula
768 2586 927 2645 Geldubam,

19 2671 92 2725 etque
109 2660 167 2709 inde
184 2661 324 2710 Novesiurn
343 2656 475 2707 concessit.
495 2657 580 2706 Civilis
597 2660 664 2724 capit
682 2657 835 2708 Geldubam.
847 2661 924 2721 Mox,
948 2669 951 2679 '⁴

20 2732 86 2783 lreud
96 2736 186 2800 procul
195 2733 317 2793 Noiesio,
328 2733 436 2796 equestri
448 2731 535 2815 prelio
542 2733 660 2816 prosperi
670 2735 785 2781 certavit.
795 2732 844 2781 Sed
855 2734 926 2783 miles

21 2808 137 2857 secundis
156 2807 315 2871 adversisque
330 2804 459 2873 perinde
453 2823 479 2853 rn
496 2807 604 2855 exitium
621 2806 713 2856 ducunt
734 2798 926 2857 accendebatur.

20 2880 56 2927 Et
64 2880 112 2930 adr
107 2894 174 2935 ‘errtu
184 2882 362 2947 quintanorum
373 2877 700 2944 quintadecimanorumque
709 2892 787 2931 auore
799 2882 965 2949 legiones·
917 2918 928 2943 ,

23 2968 38 2999 tt
47 2952 218 3021 donativumn
236 2964 390 3019 exposcunt,
404 2965 553 3017 comperto,
566 2956 699 3019 pecuniam
715 2974 729 3003 a
717 2955 844 3003 Vitellio
864 2954 927 3002 mis·

22 3042 84 3077 sem.
102 3028 155 3079 Neo
172 3026 216 3076 diu
229 3038 361 3082 cunctatus
373 3026 552 3086 Hordeonius,
568 3029 671 3079 nomine
685 3030 832 3094 Vespasiani
844 3026 924 3076 dedit.

22 3098 102 3162 quue
116 3104 270 3168 precipuum
289 3099 337 3150 luit
354 3099 486 3149 seditionis
496 3102 653 3152 alimentum.
671 3100 750 3151 Effusi
761 3103 786 3149 in
802 3102 889 3147 luxum
902 3108 929 3147 et

23 3174 122 3238 epulas,
136 3186 160 3223 et
173 3185 310 3223 nocturnos
324 3184 417 3233 coetus,
428 3182 540 3221 veterem
551 3176 578 3222 in
591 3173 766 3223 Hordeonium
777 3173 841 3219 iram
851 3186 930 3219 reno-

25 3257 84 3295 rant
96 3265 101 3295 ι
113 3264 160 3299 nco
174 3249 227 3297 ullo
244 3248 385 3314 legatorum
402 3246 595 3295 tribunorumve
609 3248 732 3296 obsistere
744 3262 805 3293 auso
819 3245 927 3310 (quippe

27 3320 261 3391 omnem'pudorsm
270 3336 324 3375 nox
334 3318 482 3387 ademerat),
491 3331 648 3389 protractum
658 3319 758 3377 'scubili
766 3318 928 3370 interficiunt.
