2100 3709
70 64 169 135 1'76
302 93 305 103 ·
388 79 413 118 c.
434 77 529 116 roua.
547 71 665 114 utetur

71 174 148 210 cursu
166 157 303 230 plurium
297 157 443 222 sujiciuntur
460 170 566 217 catena,
583 173 613 205 ac
630 155 753 224 compede
771 157 852 244 (quod
870 155 999 207 dedeco-

76 247 133 283 rum
133 232 264 298 barbaris)
274 232 429 282 trahebatur.
438 233 549 296 Moxque
562 231 651 296 vulgus
660 229 740 278 duro'
735 233 842 302 imperio
853 229 985 280 habitum
995 267 1003 292 ,

75 309 168 374 probra
176 308 315 357 acrerbera
325 306 475 356 intentabat.
482 307 515 355 Et
524 315 595 354 etant
606 302 709 361 contri,
721 306 869 369 quitantam
877 305 998 354 fortune

75 382 300 432 commutationem
312 381 502 430 miserarentur.
513 380 654 442 Secutaque
663 393 722 426 cum
750 381 818 427 arria
826 379 924 427 liberis
935 395 999 428 con·

72 457 135 522 jux,
152 469 243 515 cuncta
257 456 437 505 lamentatione
456 455 611 519 complebat.
625 395 781 503 Dis-eredes
798 454 934 502 contectis
953 470 1001 502 ve-

76 525 1002 593 biculieabduntur‚dumPharasmauisjussaerquirerentur.lllicupido

81 608 154 668 regni
169 603 246 653 fratre
259 615 285 652 et
297 602 349 651 titia
360 593 461 667 potior,
474 601 623 664 animusque
638 601 774 649 sceleribus
787 611 889 664 paratus
905 615 913 647 ι
929 599 1001 648 visui

78 687 166 726 tamen
172 677 314 735 consuluit,
323 692 354 724 ue
362 675 447 724 coriam
455 676 666 726 interficerentur.
673 675 706 722 Et
713 672 909 757 Rhadamant,
922 672 1002 738 quasi

75 749 239 815 jurisjutandi
246 765 356 812 memor,
365 765 418 797 non
428 748 539 807 ferrum,
549 764 601 796 non
609 763 735 796 venenum
745 746 770 794 in
783 761 897 794 sororem
910 759 941 794 et
951 762 1001 811 pa-

34 836 37 845 ’
76 835 164 872 eruum
176 824 318 890 expromtt
334 821 380 872 aed
390 825 515 888 protectos
529 821 555 870 iu
567 823 691 884 humum,
706 832 733 870 et
746 832 817 870 reate
830 821 914 870 multl
933 837 999 886 gra-

77 898 153 958 tique
165 909 268 963 opertos
280 910 363 947 necat.
376 897 434 945 Filii
446 911 548 960 quoquc
558 894 729 956 Μιιιιιιιιιιιιι,
740 893 810 960 qudd
820 892 937 944 cedibus
949 910 1000 960 pa·

75 981 178 1018 rentum
190 971 422 1036 illacrymarerant,
435 967 554 1017 trucidati
565 973 635 1017 suut.

109 1043 229 1092 XLVllI.
245 1043 279 1092 At
290 1043 435 1109 Quadratae
447 1058 603 1107 cognoscent
617 1041 753 1107 proditum
765 1039 956 1098 Mithridaten,
972 1053 999 1090 et

79 1117 227 1179 regnumab
240 1114 580 1171 interfectoribusobtineri,
595 1114 824 1173 construentium,
837 1115 911 1164 docet
922 1126 1002 1174 acta,

78 1199 105 1236 et
116 1186 325 1238 an‘blcitccretur
335 1189 472 1238 consultat.
483 1186 574 1237 Paucis
586 1186 663 1237 decus
673 1187 803 1253 publicum
813 1201 877 1235 curae
887 1205 893 1236 ι
905 1188 999 1254 plures

79 1272 136 1311 tuta
150 1261 294 1314 disserunt:
307 1281 322 1312 ι(
329 1265 411 1313 Omne
425 1264 507 1312 scelus
520 1276 653 1312 externum
663 1279 721 1310 cum
730 1262 817 1312 latitia
826 1261 980 1312 babendum
993 1278 1000 1310 ι

79 1337 177 1384 semina
187 1340 262 1386 etiarn
274 1338 391 1387 odiorum
403 1335 517 1398 iacienda
527 1371 533 1396 ,
545 1347 575 1386 ut
587 1351 650 1402 saepe
664 1335 792 1400 principes
803 1335 914 1404 Romani
926 1352 1001 1384 eam·

83 1407 142 1456 dem
151 1404 312 1469 Armeniam,
327 1413 411 1477 specie
420 1410 576 1475 largitionis,
585 1406 718 1458 turbandis
727 1407 892 1458 barbarorum
903 1409 1001 1457 animis

82 1485 244 1550 prebuerint.
262 1483 392 1535 Potiretur
409 1483 589 1534 Rhadamistus
609 1481 675 1531 malis
692 1483 783 1564 partis,
800 1481 886 1530 dum'
881 1484 983 1532 tnrisus
991 1519 1001 1544 ‚

82 1554 208 1606 iufamia·
200 1559 329 1625 ,quaudo
344 1559 370 1607 id
389 1559 468 1619 ma‘gis
485 1573 514 1603 ex
535 1569 595 1610 usu,
614 1550 688 1614 quim
705 1555 726 1599 si
744 1569 802 1601 cum
817 1555 896 1618 gloriis
916 1556 1002 1620 adep·

81 1639 124 1676 tus
136 1630 233 1681 latet».
243 1629 274 1676 lu
286 1629 351 1677 hane
361 1624 514 1675 seutentiam
527 1625 600 1670 itum.
612 1623 651 1670 Ne
664 1633 749 1670 tamen
760 1627 879 1675 annuisse
889 1625 1000 1678 facinori

82 1701 245 1757 riderentur,
262 1711 288 1746 et
301 1700 399 1746 diversa
411 1697 492 1745 Caesar
504 1696 669 1760 preciperet,
682 1695 753 1742 ιιιιιει
746 1695 797 1743 ad
809 1696 1000 1752 Pharasmanen

82 1774 169 1821 nuntii
176 1764 1002 1840 ,«utahscedetetinfinibusArmeniis‚tiliumqueabsttQaberetu

115 1844 213 1895 XLIX.
228 1847 289 1896 Erat
304 1839 470 1908 cappadocia
486 1849 641 1905 procurator
663 1837 745 1890 Julius
759 1839 939 1914 Pelignus,g
912 1865 921 1896 ι
942 1847 1002 1898 uari

87 1919 177 1977 animi,
188 1931 213 1968 et
222 1917 361 1965 deridiculo
371 1930 412 1962 cor
414 1913 482 1980 potis
491 1909 563 1976 iuatl
567 1909 758 1978 despiciendus:
767 1915 810 1966 sed
821 1867 939 1970 claudiog
939 1937 1003 1987 per·

86 1990 163 2054 qulm
183 1989 316 2039 lamibaris
325 2025 332 2048 ‚
350 2004 429 2053 quum
444 1987 551 2054 privatis
565 1985 628 2036 olirn
644 1989 836 2038 conversatione
853 2003 1001 2044 scurrarum

84 2064 152 2115 iners
162 2064 244 2112 otium
260 2061 408 2111 oblectaret.
421 2061 446 2110 Is
461 2061 596 2128 Pelignus,
611 2061 711 2110 auxiliis
722 2062 944 2149 provincialium'
931 2084 999 2116 con·

83 2139 186 2194 tractis,
201 2147 321 2200 tanquam
337 2147 533 2202 recuperaturus
549 2136 715 2199 Armeniam,
736 2135 798 2184 dum
815 2138 898 2187 socios
913 2142 1000 2207 magia

84 2226 160 2274 quam
170 2205 402 2274 hostespraedatur,
411 2209 517 2260 abcessu
530 2227 648 2272 suorum
661 2221 687 2257 et
698 2210 887 2259 incursantibus
898 2212 996 2265 barba
1033 2207 1034 2280 i

83 2285 118 2334 ris
126 2282 347 2367 ,presidiiegens,
357 2281 681 2334 adllbadamistumreuit:
691 2281 1007 2359 donisqueejuserictus‚
1033 2281 1034 2344 i

85 2356 153 2405 ultro
173 2355 294 2420 «regium
311 2357 408 2422 insigne
423 2373 546 2408 aumeteu
559 2355 723 2406 cohortatur·
718 2359 906 2424 ‚sumentique
925 2361 999 2410 adest

86 2440 175 2478 auctor
191 2439 217 2476 et
233 2431 342 2480 satelles.
356 2431 432 2492 Quod
449 2433 494 2482 ubi
510 2433 577 2498 turpi
594 2429 660 2480 fami
678 2428 850 2496 divulgatum,
869 2449 901 2484 tte
918 2436 998 2485 ceteri
1033 2443 1034 2484 t

84 2516 186 2565 quoqne
194 2519 226 2552 ex
236 2503 343 2570 Peligno
352 2503 565 2569 coniectarentur,
576 2502 710 2554 Helvidius
720 2504 820 2554 Priscus
829 2505 928 2570 legatus
937 2525 996 2559 cum
1033 2505 1034 2562 J

83 2575 184 2639 legione
197 2579 317 2638 mittitur,
328 2581 403 2628 rebus
412 2579 523 2628 turbidis
533 2595 578 2644 pro
591 2589 704 2644 tempore
715 2589 743 2626 ut
752 2579 905 2629 consuleret.
913 2581 1034 2647 Igitur
1033 2569 1034 2626 ι

75 2687 78 2699 .
84 2649 192 2734 propere
201 2663 315 2699 montem
325 2651 438 2699 Taurum
450 2662 617 2716 transgressus
627 2685 633 2708 ‚
644 2647 819 2700 moderatione
827 2652 910 2716 plura,
920 2655 1034 2720 quim
1033 2677 1034 2720 ι

86 2723 124 2782 ri,
133 2733 326 2788 composuerat:
337 2739 431 2788 quum
427 2723 546 2772 aredirc'
540 2739 566 2772 ιιι
574 2722 696 2790 Syriamu
707 2721 818 2786 iubetur,
832 2737 886 2773 ane
893 2727 994 2780 initium
1033 2741 1034 2770 ι

87 2794 149 2847 belli
162 2797 282 2847 adsersus
292 2797 400 2848 Parthos
411 2800 576 2849 exsisteretu.
1033 2839 1034 2846 ,

122 2871 154 2918 L.
163 2872 371 2936 Namrologeses
382 2887 466 2921 catum
479 2871 627 2920 invadenda
637 2870 762 2922 Armenta
772 2869 908 2922 obrentsse
918 2886 992 2940 ratus,
1033 2887 1034 2934 t

64 2996 67 2997 a
91 2943 342 3012 quamamatortbus
351 2963 402 2997 sure
411 2961 563 3014 possessam
573 2959 692 2999 externus
701 2962 745 2997 rex
754 2946 850 3012 flagttto
861 2947 995 3014 obtineret
1033 2939 1034 2960 ¹

19 3019 21 3024 ⁸
89 3019 219 3070 contrabit
226 3020 321 3086 copias,
329 3011 484 3087 fratremque
493 3023 624 3073 Tiridaten
633 3021 770 3072 deducere'
765 3039 903 3086 integrum
912 3036 1034 3108 parat3
1033 3057 1034 3082 ,

93 3109 127 3144 ue
137 3110 186 3159 qua
196 3111 256 3160 pars
269 3095 389 3146 domus'
370 3113 423 3146 stne
433 3097 539 3163 imperio
550 3109 645 3163 ageret.
656 3098 758 3146 lucessu
771 3093 922 3144 Parthorum
929 3097 992 3157 ,sine
1033 3095 1034 3144 ἶ

93 3171 147 3217 acie
156 3169 222 3234 pulsi
230 3168 312 3235 lberi3
323 3172 450 3235 urliesque
460 3171 643 3221 Armeniorum
653 3171 775 3222 Artaxata
788 3181 814 3218 et
821 3169 991 3234 Tigranocerta
1033 3165 1034 3208 l

89 3242 179 3309 jugum
186 3245 311 3310 accepere.
321 3245 416 3294 ande
426 3247 603 3311 struthiam,
613 3263 656 3295 seu
666 3243 757 3312 paritur
768 3232 862 3309 provisi
871 3258 992 3293 commea·

88 3325 130 3367 tut
135 3330 179 3379 ‚et
188 3330 283 3371 ostrea
291 3330 400 3390 utroque
408 3320 477 3372 tabee
483 3358 491 3385 ,
499 3313 640 3392 percellunt
647 3319 792 3386 Vologesen
802 3313 920 3368 omittere
932 3333 990 3386 pra·
