<?xml version="1.0" encoding="UTF-8"?>
<!DOCTYPE html PUBLIC "-//W3C//DTD XHTML 1.0 Transitional//EN"
    "http://www.w3.org/TR/xhtml1/DTD/xhtml1-transitional.dtd">
<html xmlns="http://www.w3.org/1999/xhtml" xml:lang="en" lang="en">
 <head>
  <title>
</title>
<meta http-equiv="Content-Type" content="text/html;charset=utf-8" />
  <meta name='ocr-system' content='tesseract 3.04.00' />
  <meta name='ocr-capabilities' content='ocr_page ocr_carea ocr_par ocr_line ocrx_word'/>
</head>
<body>
  <div class='ocr_page' id='page_1' title='image "./ccorntacitioper00brotgoog_0061.png"; bbox 0 0 2100 3709; ppageno 0'>
   <div class='ocr_carea' id='block_1_1' title="bbox 94 20 1029 182">
    <p class='ocr_par' dir='ltr' id='par_1_1' title="bbox 94 20 1029 182">
     <span class='ocr_line' id='line_1_1' title="bbox 94 20 771 77; baseline -0.007 -4"><span class='ocrx_word' id='word_1_1' title='bbox 94 20 128 73; x_wconf 79' lang='lat'>66</span> <span class='ocrx_word' id='word_1_2' title='bbox 371 44 373 53; x_wconf 85' lang='grc'><strong><em>·</em></strong></span> <span class='ocrx_word' id='word_1_3' title='bbox 409 32 436 69; x_wconf 84' lang='lat' dir='ltr'>c.</span> <span class='ocrx_word' id='word_1_4' title='bbox 455 32 550 71; x_wconf 82' lang='lat' dir='ltr'>conr.</span> <span class='ocrx_word' id='word_1_5' title='bbox 568 28 689 71; x_wconf 81' lang='lat' dir='ltr'>racrrr</span> <span class='ocrx_word' id='word_1_6' title='bbox 761 64 771 77; x_wconf 25' lang='lat' dir='ltr'>x</span> 
     </span>
     <span class='ocr_line' id='line_1_2' title="bbox 95 105 1029 182; baseline 0.001 -17"><span class='ocrx_word' id='word_1_7' title='bbox 95 114 129 165; x_wconf 89' lang='lat' dir='ltr'>At</span> <span class='ocrx_word' id='word_1_8' title='bbox 139 110 302 181; x_wconf 68' lang='lat' dir='ltr'><strong>Cappadoces</strong></span> <span class='ocrx_word' id='word_1_9' title='bbox 309 110 338 161; x_wconf 90' lang='lat' dir='ltr'>in</span> <span class='ocrx_word' id='word_1_10' title='bbox 345 109 451 163; x_wconf 76' lang='lat' dir='ltr'>formam</span> <span class='ocrx_word' id='word_1_11' title='bbox 462 112 700 177; x_wconf 78' lang='lat' dir='ltr'>provincie-redacti</span> <span class='ocrx_word' id='word_1_12' title='bbox 709 110 886 177; x_wconf 82' lang='lat' dir='ltr'>Q.Vcranium</span> <span class='ocrx_word' id='word_1_13' title='bbox 893 105 1029 182; x_wconf 66' lang='lat' dir='ltr'>legatur*</span> 
     </span>
    </p>
   </div>
   <div class='ocr_carea' id='block_1_2' title="bbox 40 186 1027 1307">
    <p class='ocr_par' dir='ltr' id='par_1_2' title="bbox 63 186 1027 399">
     <span class='ocr_line' id='line_1_3' title="bbox 96 186 1027 255; baseline 0.002 -20"><span class='ocrx_word' id='word_1_14' title='bbox 96 187 214 255; x_wconf 70' lang='lat' dir='ltr'>accepire</span> <span class='ocrx_word' id='word_1_15' title='bbox 226 200 268 251; x_wconf 31' lang='lat' dir='ltr'>:pet</span> <span class='ocrx_word' id='word_1_16' title='bbox 278 186 391 251; x_wconf 80' lang='lat' dir='ltr'>quadam</span> <span class='ocrx_word' id='word_1_17' title='bbox 401 204 430 237; x_wconf 83' lang='lat' dir='ltr'>er</span> <span class='ocrx_word' id='word_1_18' title='bbox 442 186 514 251; x_wconf 76' lang='lat' dir='ltr'>regiis</span> <span class='ocrx_word' id='word_1_19' title='bbox 524 187 627 235; x_wconf 84' lang='lat' dir='ltr'>tributis</span> <span class='ocrx_word' id='word_1_20' title='bbox 635 186 780 235; x_wconf 84' lang='lat' dir='ltr'>deminuta.</span> <span class='ocrx_word' id='word_1_21' title='bbox 790 189 843 251; x_wconf 81' lang='lat' dir='ltr'>qub</span> <span class='ocrx_word' id='word_1_22' title='bbox 853 191 945 240; x_wconf 82' lang='lat' dir='ltr'>mitiira</span> <span class='ocrx_word' id='word_1_23' title='bbox 955 190 1027 239; x_wconf 78' lang='lat' dir='ltr'>lto-</span> 
     </span>
     <span class='ocr_line' id='line_1_4' title="bbox 95 258 1024 330; baseline -0.001 -17"><span class='ocrx_word' id='word_1_24' title='bbox 95 279 199 313; x_wconf 87' lang='lat' dir='ltr'>manum</span> <span class='ocrx_word' id='word_1_25' title='bbox 209 262 343 327; x_wconf 85' lang='lat' dir='ltr'>imperium</span> <span class='ocrx_word' id='word_1_26' title='bbox 353 272 505 326; x_wconf 73' lang='lat' dir='ltr'>speraretur.</span> <span class='ocrx_word' id='word_1_27' title='bbox 516 260 668 325; x_wconf 78' lang='lat' dir='ltr'>comagenis</span> <span class='ocrx_word' id='word_1_28' title='bbox 674 258 708 320; x_wconf 83' lang='lat' dir='ltr'>Q.</span> <span class='ocrx_word' id='word_1_29' title='bbox 717 260 832 310; x_wconf 72' lang='lat' dir='ltr'>Servatus</span> <span class='ocrx_word' id='word_1_30' title='bbox 838 266 1024 330; x_wconf 68' lang='lat' dir='ltr'>preponitur,</span> 
     </span>
     <span class='ocr_line' id='line_1_5' title="bbox 63 330 640 399; baseline -0.003 -16"><span class='ocrx_word' id='word_1_31' title='bbox 63 353 75 367; x_wconf 85' lang='lat'><strong>·</strong></span> <span class='ocrx_word' id='word_1_32' title='bbox 96 346 152 383; x_wconf 88' lang='lat' dir='ltr'>tum</span> <span class='ocrx_word' id='word_1_33' title='bbox 163 333 274 399; x_wconf 88' lang='lat' dir='ltr'>primitm</span> <span class='ocrx_word' id='word_1_34' title='bbox 285 330 316 381; x_wconf 86' lang='lat' dir='ltr'>ad</span> <span class='ocrx_word' id='word_1_35' title='bbox 327 332 365 395; x_wconf 84' lang='lat' dir='ltr'>jus</span> <span class='ocrx_word' id='word_1_36' title='bbox 375 332 487 397; x_wconf 75' lang='lat' dir='ltr'>pratoris</span> <span class='ocrx_word' id='word_1_37' title='bbox 500 334 640 381; x_wconf 71' lang='lat' dir='ltr'>translatis.</span> 
     </span>
    </p>

    <p class='ocr_par' dir='ltr' id='par_1_3' title="bbox 40 425 1024 1307">
     <span class='ocr_line' id='line_1_6' title="bbox 128 425 1024 493; baseline 0.003 -18"><span class='ocrx_word' id='word_1_38' title='bbox 128 428 208 478; x_wconf 87' lang='lat' dir='ltr'>LVII.</span> <span class='ocrx_word' id='word_1_39' title='bbox 221 428 367 491; x_wconf 83' lang='lat' dir='ltr'>Cunctaque</span> <span class='ocrx_word' id='word_1_40' title='bbox 383 427 484 474; x_wconf 80' lang='lat' dir='ltr'>moialia</span> <span class='ocrx_word' id='word_1_41' title='bbox 498 425 619 492; x_wconf 67' lang='lat' dir='ltr'>prosperi</span> <span class='ocrx_word' id='word_1_42' title='bbox 634 428 774 493; x_wconf 86' lang='lat' dir='ltr'>composita</span> <span class='ocrx_word' id='word_1_43' title='bbox 784 445 837 477; x_wconf 91' lang='lat' dir='ltr'>non</span> <span class='ocrx_word' id='word_1_44' title='bbox 850 428 911 478; x_wconf 79' lang='lat' dir='ltr'>ided</span> <span class='ocrx_word' id='word_1_45' title='bbox 920 429 1024 478; x_wconf 71' lang='lat' dir='ltr'>latum</span> 
     </span>
     <span class='ocr_line' id='line_1_7' title="bbox 98 499 1024 568; baseline 0.002 -20"><span class='ocrx_word' id='word_1_46' title='bbox 98 502 279 549; x_wconf 87' lang='lat' dir='ltr'>Germanicum</span> <span class='ocrx_word' id='word_1_47' title='bbox 290 500 430 557; x_wconf 82' lang='lat' dir='ltr'>habebant,</span> <span class='ocrx_word' id='word_1_48' title='bbox 438 499 471 545; x_wconf 92' lang='lat' dir='ltr'>ob</span> <span class='ocrx_word' id='word_1_49' title='bbox 484 500 626 563; x_wconf 78' lang='lat' dir='ltr'>superbiam</span> <span class='ocrx_word' id='word_1_50' title='bbox 635 500 749 563; x_wconf 85' lang='lat' dir='ltr'>Pisonis,</span> <span class='ocrx_word' id='word_1_51' title='bbox 763 502 807 565; x_wconf 90' lang='lat' dir='ltr'>qui</span> <span class='ocrx_word' id='word_1_52' title='bbox 816 503 900 565; x_wconf 76' lang='lat' dir='ltr'>iussus</span> <span class='ocrx_word' id='word_1_53' title='bbox 909 503 1024 568; x_wconf 77' lang='lat' dir='ltr'>partem</span> 
     </span>
     <span class='ocr_line' id='line_1_8' title="bbox 96 564 1022 639; baseline -0.001 -15"><span class='ocrx_word' id='word_1_54' title='bbox 96 577 225 639; x_wconf 74' lang='lat' dir='ltr'>legionum</span> <span class='ocrx_word' id='word_1_55' title='bbox 233 576 296 639; x_wconf 87' lang='lat' dir='ltr'>ipse,</span> <span class='ocrx_word' id='word_1_56' title='bbox 310 564 410 639; x_wconf 66' lang='lat' dir='ltr'>aut&#39;per</span> <span class='ocrx_word' id='word_1_57' title='bbox 420 574 501 621; x_wconf 85' lang='lat' dir='ltr'>filium</span> <span class='ocrx_word' id='word_1_58' title='bbox 510 574 536 622; x_wconf 92' lang='lat' dir='ltr'>in</span> <span class='ocrx_word' id='word_1_59' title='bbox 545 572 692 622; x_wconf 79' lang='lat' dir='ltr'>Armeniam</span> <span class='ocrx_word' id='word_1_60' title='bbox 701 575 803 630; x_wconf 88' lang='lat' dir='ltr'>ducere,</span> <span class='ocrx_word' id='word_1_61' title='bbox 812 588 953 638; x_wconf 86' lang='lat' dir='ltr'>utrumque</span> <span class='ocrx_word' id='word_1_62' title='bbox 962 582 1022 623; x_wconf 75' lang='lat' dir='ltr'>&#39;rse-</span> 
     </span>
     <span class='ocr_line' id='line_1_9' title="bbox 95 646 1023 714; baseline 0.004 -19"><span class='ocrx_word' id='word_1_63' title='bbox 95 650 217 713; x_wconf 83' lang='lat' dir='ltr'>glererat.</span> <span class='ocrx_word' id='word_1_64' title='bbox 235 647 306 714; x_wconf 72' lang='lat' dir='ltr'>Cyrri</span> <span class='ocrx_word' id='word_1_65' title='bbox 316 646 418 696; x_wconf 90' lang='lat' dir='ltr'>demum</span> <span class='ocrx_word' id='word_1_66' title='bbox 427 646 494 711; x_wconf 85' lang='lat' dir='ltr'>apud</span> <span class='ocrx_word' id='word_1_67' title='bbox 502 647 607 696; x_wconf 86' lang='lat' dir='ltr'>hiberna</span> <span class='ocrx_word' id='word_1_68' title='bbox 616 647 729 695; x_wconf 72' lang='lat' dir='ltr'>decuma</span> <span class='ocrx_word' id='word_1_69' title='bbox 736 649 843 711; x_wconf 80' lang='lat' dir='ltr'>legionis</span> <span class='ocrx_word' id='word_1_70' title='bbox 850 652 1004 701; x_wconf 67' lang='lat' dir='ltr'>contenire</span> <span class='ocrx_word' id='word_1_71' title='bbox 1011 686 1023 714; x_wconf 90' lang='lat'>,</span> 
     </span>
     <span class='ocr_line' id='line_1_10' title="bbox 96 720 1023 779; baseline 0.002 -8"><span class='ocrx_word' id='word_1_72' title='bbox 96 726 196 771; x_wconf 86' lang='lat' dir='ltr'>firmato</span> <span class='ocrx_word' id='word_1_73' title='bbox 207 724 295 779; x_wconf 79' lang='lat' dir='ltr'>vultu,</span> <span class='ocrx_word' id='word_1_74' title='bbox 307 723 366 770; x_wconf 85' lang='lat' dir='ltr'>Piso</span> <span class='ocrx_word' id='word_1_75' title='bbox 376 720 497 769; x_wconf 84' lang='lat' dir='ltr'>adversus</span> <span class='ocrx_word' id='word_1_76' title='bbox 509 734 605 769; x_wconf 90' lang='lat' dir='ltr'>metum</span> <span class='ocrx_word' id='word_1_77' title='bbox 614 759 620 776; x_wconf 87' lang='lat'><em>.</em></span> <span class='ocrx_word' id='word_1_78' title='bbox 631 723 800 770; x_wconf 86' lang='lat' dir='ltr'>Germanicus</span> <span class='ocrx_word' id='word_1_79' title='bbox 810 742 842 771; x_wconf 93' lang='lat' dir='ltr'>ne</span> <span class='ocrx_word' id='word_1_80' title='bbox 853 726 949 773; x_wconf 84' lang='lat' dir='ltr'>minari</span> <span class='ocrx_word' id='word_1_81' title='bbox 958 742 1023 773; x_wconf 85' lang='lat' dir='ltr'>cre-</span> 
     </span>
     <span class='ocr_line' id='line_1_11' title="bbox 98 796 1022 854; baseline 0.004 -11"><span class='ocrx_word' id='word_1_82' title='bbox 98 796 200 845; x_wconf 80' lang='lat' dir='ltr'>deretur</span> <span class='ocrx_word' id='word_1_83' title='bbox 210 814 215 845; x_wconf 89' lang='lat'>:</span> <span class='ocrx_word' id='word_1_84' title='bbox 229 809 255 845; x_wconf 90' lang='lat' dir='ltr'>et</span> <span class='ocrx_word' id='word_1_85' title='bbox 263 808 316 845; x_wconf 89' lang='lat' dir='ltr'>erat</span> <span class='ocrx_word' id='word_1_86' title='bbox 324 828 331 851; x_wconf 80' lang='lat'>,</span> <span class='ocrx_word' id='word_1_87' title='bbox 339 796 449 844; x_wconf 88' lang='lat' dir='ltr'>utretuli</span> <span class='ocrx_word' id='word_1_88' title='bbox 458 798 636 854; x_wconf 76' lang='lat' dir='ltr'>,clementiort</span> <span class='ocrx_word' id='word_1_89' title='bbox 648 796 692 845; x_wconf 88' lang='lat' dir='ltr'>sed</span> <span class='ocrx_word' id='word_1_90' title='bbox 704 799 778 845; x_wconf 88' lang='lat' dir='ltr'>amici</span> <span class='ocrx_word' id='word_1_91' title='bbox 786 798 958 848; x_wconf 73' lang='lat' dir='ltr'>accendendis</span> <span class='ocrx_word' id='word_1_92' title='bbox 968 799 1022 847; x_wconf 84' lang='lat' dir='ltr'>of-</span> 
     </span>
     <span class='ocr_line' id='line_1_12' title="bbox 40 868 1021 937; baseline 0.004 -20"><span class='ocrx_word' id='word_1_93' title='bbox 40 893 45 909; x_wconf 68' lang='lat'>·</span> <span class='ocrx_word' id='word_1_94' title='bbox 96 871 253 919; x_wconf 78' lang='lat' dir='ltr'>tensionibus</span> <span class='ocrx_word' id='word_1_95' title='bbox 266 869 363 933; x_wconf 84' lang='lat' dir='ltr'>callidi,</span> <span class='ocrx_word' id='word_1_96' title='bbox 379 870 510 918; x_wconf 88' lang='lat' dir='ltr'>intendere</span> <span class='ocrx_word' id='word_1_97' title='bbox 523 886 598 923; x_wconf 83' lang='lat' dir='ltr'>vera.</span> <span class='ocrx_word' id='word_1_98' title='bbox 610 868 728 933; x_wconf 77' lang='lat' dir='ltr'>adgerere</span> <span class='ocrx_word' id='word_1_99' title='bbox 745 870 819 929; x_wconf 84' lang='lat' dir='ltr'>salsa,</span> <span class='ocrx_word' id='word_1_100' title='bbox 833 872 972 937; x_wconf 82' lang='lat' dir='ltr'>ipsumque</span> <span class='ocrx_word' id='word_1_101' title='bbox 989 884 1021 922; x_wconf 80' lang='lat' dir='ltr'>et</span> 
     </span>
     <span class='ocr_line' id='line_1_13' title="bbox 95 942 1022 1009; baseline 0.005 -19"><span class='ocrx_word' id='word_1_102' title='bbox 95 943 254 1001; x_wconf 78' lang='lat' dir='ltr'>Plancinam,</span> <span class='ocrx_word' id='word_1_103' title='bbox 269 958 294 993; x_wconf 90' lang='lat' dir='ltr'>et</span> <span class='ocrx_word' id='word_1_104' title='bbox 309 946 373 993; x_wconf 86' lang='lat' dir='ltr'>filios</span> <span class='ocrx_word' id='word_1_105' title='bbox 388 946 462 993; x_wconf 86' lang='lat' dir='ltr'>variis</span> <span class='ocrx_word' id='word_1_106' title='bbox 475 942 558 992; x_wconf 88' lang='lat' dir='ltr'>modis</span> <span class='ocrx_word' id='word_1_107' title='bbox 569 945 698 991; x_wconf 89' lang='lat' dir='ltr'>criminari</span> <span class='ocrx_word' id='word_1_108' title='bbox 712 944 860 1008; x_wconf 85' lang='lat' dir='ltr'>:postremb</span> <span class='ocrx_word' id='word_1_109' title='bbox 871 947 1022 1009; x_wconf 80' lang='lat' dir='ltr'>paucis&#39;fa-</span> 
     </span>
     <span class='ocr_line' id='line_1_14' title="bbox 97 1009 1023 1083; baseline 0.008 -22"><span class='ocrx_word' id='word_1_110' title='bbox 97 1018 235 1067; x_wconf 82' lang='lat' dir='ltr'>miliarium</span> <span class='ocrx_word' id='word_1_111' title='bbox 244 1019 365 1069; x_wconf 74' lang='lat' dir='ltr'>adhibitis</span> <span class='ocrx_word' id='word_1_112' title='bbox 373 1009 457 1067; x_wconf 81' lang='lat' dir='ltr'>sermo</span> <span class='ocrx_word' id='word_1_113' title='bbox 464 1030 559 1083; x_wconf 88' lang='lat' dir='ltr'>coeptus</span> <span class='ocrx_word' id='word_1_114' title='bbox 567 1016 580 1064; x_wconf 76' lang='lat' dir='ltr'>&#39;a</span> <span class='ocrx_word' id='word_1_115' title='bbox 587 1018 684 1065; x_wconf 71' lang='lat' dir='ltr'>essai-e</span> <span class='ocrx_word' id='word_1_116' title='bbox 693 1017 792 1081; x_wconf 79' lang='lat' dir='ltr'>qualem</span> <span class='ocrx_word' id='word_1_117' title='bbox 802 1019 839 1065; x_wconf 87' lang='lat' dir='ltr'>ira</span> <span class='ocrx_word' id='word_1_118' title='bbox 848 1029 875 1065; x_wconf 89' lang='lat' dir='ltr'>et</span> <span class='ocrx_word' id='word_1_119' title='bbox 884 1018 1023 1068; x_wconf 86' lang='lat' dir='ltr'>dissimu-</span> 
     </span>
     <span class='ocr_line' id='line_1_15' title="bbox 96 1087 1020 1159; baseline 0.006 -20"><span class='ocrx_word' id='word_1_120' title='bbox 96 1087 158 1139; x_wconf 83' lang='lat' dir='ltr'>latio</span> <span class='ocrx_word' id='word_1_121' title='bbox 168 1094 260 1158; x_wconf 77' lang='lat' dir='ltr'>giguit:</span> <span class='ocrx_word' id='word_1_122' title='bbox 270 1094 438 1159; x_wconf 83' lang='lat' dir='ltr'>responsumri</span> <span class='ocrx_word' id='word_1_123' title='bbox 447 1092 538 1142; x_wconf 83' lang='lat' dir='ltr'>Pisone</span> <span class='ocrx_word' id='word_1_124' title='bbox 547 1092 666 1156; x_wconf 78' lang='lat' dir='ltr'>precibus</span> <span class='ocrx_word' id='word_1_125' title='bbox 673 1092 874 1151; x_wconf 77' lang='lat' dir='ltr'>contumacibus,</span> <span class='ocrx_word' id='word_1_126' title='bbox 882 1092 1020 1145; x_wconf 80' lang='lat' dir='ltr'>discesse-</span> 
     </span>
     <span class='ocr_line' id='line_1_16' title="bbox 96 1166 1019 1233; baseline 0.004 -18"><span class='ocrx_word' id='word_1_127' title='bbox 96 1169 316 1233; x_wconf 72' lang='lat' dir='ltr'>rumqueopertis</span> <span class='ocrx_word' id='word_1_128' title='bbox 327 1169 406 1217; x_wconf 88' lang='lat' dir='ltr'>odiis:</span> <span class='ocrx_word' id='word_1_129' title='bbox 420 1180 526 1233; x_wconf 84' lang='lat' dir='ltr'>postque</span> <span class='ocrx_word' id='word_1_130' title='bbox 537 1181 607 1216; x_wconf 84' lang='lat' dir='ltr'>rarus</span> <span class='ocrx_word' id='word_1_131' title='bbox 617 1170 643 1216; x_wconf 95' lang='lat' dir='ltr'>in</span> <span class='ocrx_word' id='word_1_132' title='bbox 653 1166 772 1216; x_wconf 89' lang='lat' dir='ltr'>tribunali</span> <span class='ocrx_word' id='word_1_133' title='bbox 780 1169 884 1216; x_wconf 79' lang='lat' dir='ltr'>Caesaris</span> <span class='ocrx_word' id='word_1_134' title='bbox 896 1170 976 1227; x_wconf 76' lang='lat' dir='ltr'>Piso,</span> <span class='ocrx_word' id='word_1_135' title='bbox 987 1183 1019 1221; x_wconf 88' lang='lat' dir='ltr'>ct</span> 
     </span>
     <span class='ocr_line' id='line_1_17' title="bbox 99 1238 1017 1307; baseline 0.009 -23"><span class='ocrx_word' id='word_1_136' title='bbox 99 1238 119 1285; x_wconf 90' lang='lat' dir='ltr'>si</span> <span class='ocrx_word' id='word_1_137' title='bbox 129 1239 229 1301; x_wconf 88' lang='lat' dir='ltr'>quando</span> <span class='ocrx_word' id='word_1_138' title='bbox 239 1240 377 1296; x_wconf 84' lang='lat' dir='ltr'>adsideret,</span> <span class='ocrx_word' id='word_1_139' title='bbox 390 1255 461 1290; x_wconf 83' lang='lat' dir='ltr'>atros</span> <span class='ocrx_word' id='word_1_140' title='bbox 472 1278 476 1295; x_wconf 84' lang='lat'><strong><em>‚</em></strong></span> <span class='ocrx_word' id='word_1_141' title='bbox 489 1258 516 1287; x_wconf 90' lang='lat' dir='ltr'>ac</span> <span class='ocrx_word' id='word_1_142' title='bbox 528 1240 658 1288; x_wconf 68' lang='lat' dir='ltr'>dissentire</span> <span class='ocrx_word' id='word_1_143' title='bbox 668 1239 816 1291; x_wconf 84' lang='lat' dir='ltr'>manilcstus</span> <span class='ocrx_word' id='word_1_144' title='bbox 828 1258 834 1289; x_wconf 76' lang='grc' dir='ltr'><strong><em>ε</em></strong></span> <span class='ocrx_word' id='word_1_145' title='bbox 844 1258 895 1289; x_wconf 82' lang='lat' dir='ltr'>vox</span> <span class='ocrx_word' id='word_1_146' title='bbox 905 1260 1017 1307; x_wconf 87' lang='lat' dir='ltr'>quoque</span> 
     </span>
    </p>
   </div>
   <div class='ocr_carea' id='block_1_3' title="bbox 13 1309 1017 1379">
    <p class='ocr_par' dir='ltr' id='par_1_4' title="bbox 13 1309 1017 1379">
     <span class='ocr_line' id='line_1_18' title="bbox 13 1309 1017 1379; baseline 0.011 -24"><span class='ocrx_word' id='word_1_147' title='bbox 13 1318 16 1325; x_wconf 79' lang='lat'><strong><em>‘</em></strong></span> <span class='ocrx_word' id='word_1_148' title='bbox 98 1309 152 1371; x_wconf 73' lang='lat' dir='ltr'>eius</span> <span class='ocrx_word' id='word_1_149' title='bbox 162 1312 245 1361; x_wconf 89' lang='lat' dir='ltr'>audita</span> <span class='ocrx_word' id='word_1_150' title='bbox 256 1325 294 1361; x_wconf 86' lang='lat' dir='ltr'>cst</span> <span class='ocrx_word' id='word_1_151' title='bbox 304 1316 330 1361; x_wconf 91' lang='lat' dir='ltr'>iu</span> <span class='ocrx_word' id='word_1_152' title='bbox 339 1316 456 1363; x_wconf 86' lang='lat' dir='ltr'>convivio</span> <span class='ocrx_word' id='word_1_153' title='bbox 462 1351 469 1373; x_wconf 92' lang='lat'>,</span> <span class='ocrx_word' id='word_1_154' title='bbox 481 1330 559 1377; x_wconf 90' lang='lat' dir='ltr'>quum</span> <span class='ocrx_word' id='word_1_155' title='bbox 570 1314 636 1379; x_wconf 87' lang='lat' dir='ltr'>apud</span> <span class='ocrx_word' id='word_1_156' title='bbox 648 1330 733 1378; x_wconf 81' lang='lat' dir='ltr'>regem</span> <span class='ocrx_word' id='word_1_157' title='bbox 743 1315 920 1363; x_wconf 76' lang='lat' dir='ltr'>Nabataeorum</span> <span class='ocrx_word' id='word_1_158' title='bbox 932 1334 1017 1365; x_wconf 85' lang='lat' dir='ltr'>coro-</span> 
     </span>
    </p>
   </div>
   <div class='ocr_carea' id='block_1_4' title="bbox 94 1386 1018 1665">
    <p class='ocr_par' dir='ltr' id='par_1_5' title="bbox 94 1386 1018 1665">
     <span class='ocr_line' id='line_1_19' title="bbox 98 1386 1018 1453; baseline 0.009 -23"><span class='ocrx_word' id='word_1_159' title='bbox 98 1400 136 1431; x_wconf 74' lang='lat' dir='ltr'>nae</span> <span class='ocrx_word' id='word_1_160' title='bbox 147 1402 226 1434; x_wconf 81' lang='lat' dir='ltr'>aurea</span> <span class='ocrx_word' id='word_1_161' title='bbox 237 1404 327 1451; x_wconf 79' lang='lat' dir='ltr'>magno</span> <span class='ocrx_word' id='word_1_162' title='bbox 338 1386 450 1453; x_wconf 84' lang='lat' dir='ltr'>pondere</span> <span class='ocrx_word' id='word_1_163' title='bbox 461 1388 550 1437; x_wconf 79' lang='lat' dir='ltr'>Caesari</span> <span class='ocrx_word' id='word_1_164' title='bbox 560 1400 586 1436; x_wconf 89' lang='lat' dir='ltr'>et</span> <span class='ocrx_word' id='word_1_165' title='bbox 594 1389 747 1453; x_wconf 75' lang='lat' dir='ltr'>Agrippina,</span> <span class='ocrx_word' id='word_1_166' title='bbox 754 1389 822 1435; x_wconf 85' lang='lat' dir='ltr'>leves</span> <span class='ocrx_word' id='word_1_167' title='bbox 832 1388 918 1436; x_wconf 89' lang='lat' dir='ltr'>Pisoni</span> <span class='ocrx_word' id='word_1_168' title='bbox 930 1402 957 1436; x_wconf 84' lang='lat' dir='ltr'>st</span> <span class='ocrx_word' id='word_1_169' title='bbox 967 1406 1018 1438; x_wconf 88' lang='lat' dir='ltr'>ce·</span> 
     </span>
     <span class='ocr_line' id='line_1_20' title="bbox 99 1457 1015 1527; baseline 0.011 -26"><span class='ocrx_word' id='word_1_170' title='bbox 99 1457 159 1504; x_wconf 88' lang='lat' dir='ltr'>teris</span> <span class='ocrx_word' id='word_1_171' title='bbox 174 1457 338 1509; x_wconf 72' lang='lat' dir='ltr'>ollerrentur:</span> <span class='ocrx_word' id='word_1_172' title='bbox 352 1462 499 1527; x_wconf 78' lang='lat' dir='ltr'>«Principis</span> <span class='ocrx_word' id='word_1_173' title='bbox 515 1463 641 1522; x_wconf 85' lang='lat' dir='ltr'>Romani,</span> <span class='ocrx_word' id='word_1_174' title='bbox 658 1478 709 1507; x_wconf 86' lang='lat' dir='ltr'>non</span> <span class='ocrx_word' id='word_1_175' title='bbox 718 1461 805 1508; x_wconf 89' lang='lat' dir='ltr'>Parthi</span> <span class='ocrx_word' id='word_1_176' title='bbox 817 1463 884 1525; x_wconf 78' lang='lat' dir='ltr'>regis</span> <span class='ocrx_word' id='word_1_177' title='bbox 896 1462 950 1509; x_wconf 88' lang='lat' dir='ltr'>lilio</span> <span class='ocrx_word' id='word_1_178' title='bbox 969 1478 1015 1512; x_wconf 87' lang='lat' dir='ltr'>eas</span> 
     </span>
     <span class='ocr_line' id='line_1_21' title="bbox 94 1530 1016 1595; baseline 0.01 -20"><span class='ocrx_word' id='word_1_179' title='bbox 94 1530 187 1595; x_wconf 85' lang='lat' dir='ltr'>&#39;epulas</span> <span class='ocrx_word' id='word_1_180' title='bbox 203 1532 256 1581; x_wconf 86' lang='lat' dir='ltr'>dari</span> <span class='ocrx_word' id='word_1_181' title='bbox 272 1550 285 1581; x_wconf 79' lang='lat' dir='ltr'>n</span> <span class='ocrx_word' id='word_1_182' title='bbox 305 1551 310 1581; x_wconf 92' lang='lat'>:</span> <span class='ocrx_word' id='word_1_183' title='bbox 327 1534 468 1593; x_wconf 83' lang='lat' dir='ltr'>abjecitque</span> <span class='ocrx_word' id='word_1_184' title='bbox 489 1534 565 1576; x_wconf 85' lang='lat' dir='ltr'>simul</span> <span class='ocrx_word' id='word_1_185' title='bbox 582 1543 721 1584; x_wconf 87' lang='lat' dir='ltr'>coronam,</span> <span class='ocrx_word' id='word_1_186' title='bbox 737 1540 762 1575; x_wconf 90' lang='lat' dir='ltr'>et</span> <span class='ocrx_word' id='word_1_187' title='bbox 777 1533 858 1579; x_wconf 90' lang='lat' dir='ltr'>multa</span> <span class='ocrx_word' id='word_1_188' title='bbox 877 1535 902 1581; x_wconf 93' lang='lat' dir='ltr'>in</span> <span class='ocrx_word' id='word_1_189' title='bbox 918 1536 1016 1584; x_wconf 82' lang='lat' dir='ltr'>luxum</span> 
     </span>
     <span class='ocr_line' id='line_1_22' title="bbox 98 1597 1015 1665; baseline 0.011 -18"><span class='ocrx_word' id='word_1_190' title='bbox 98 1601 210 1658; x_wconf 82' lang='lat' dir='ltr'>addidit,</span> <span class='ocrx_word' id='word_1_191' title='bbox 220 1620 273 1665; x_wconf 76' lang='lat' dir='ltr'>quae</span> <span class='ocrx_word' id='word_1_192' title='bbox 284 1604 449 1659; x_wconf 80' lang='lat' dir='ltr'>Germanico,</span> <span class='ocrx_word' id='word_1_193' title='bbox 463 1611 605 1659; x_wconf 82' lang='lat' dir='ltr'>quanquam</span> <span class='ocrx_word' id='word_1_194' title='bbox 614 1597 716 1662; x_wconf 85' lang='lat' dir='ltr'>acerba,</span> <span class='ocrx_word' id='word_1_195' title='bbox 729 1600 902 1653; x_wconf 78' lang='lat' dir='ltr'>tolerabantur</span> <span class='ocrx_word' id='word_1_196' title='bbox 911 1616 1015 1657; x_wconf 81' lang='lat' dir='ltr'>tamen·</span> 
     </span>
    </p>
   </div>
   <div class='ocr_carea' id='block_1_5' title="bbox 72 1686 1041 2479">
    <p class='ocr_par' dir='ltr' id='par_1_6' title="bbox 72 1686 1041 2479">
     <span class='ocr_line' id='line_1_23' title="bbox 72 1686 1017 1757; baseline 0.014 -24"><span class='ocrx_word' id='word_1_197' title='bbox 72 1730 76 1733; x_wconf 84' lang='lat'>.</span> <span class='ocrx_word' id='word_1_198' title='bbox 93 1690 225 1743; x_wconf 63' lang='lat' dir='ltr'>⁵„LVHL</span> <span class='ocrx_word' id='word_1_199' title='bbox 240 1688 423 1753; x_wconf 72' lang='lat' dir='ltr'>luterquaeab</span> <span class='ocrx_word' id='word_1_200' title='bbox 436 1686 660 1753; x_wconf 70' lang='lat' dir='ltr'>tege-Parthorum</span> <span class='ocrx_word' id='word_1_201' title='bbox 667 1689 797 1741; x_wconf 71' lang='lat' dir='ltr'>Artabano</span> <span class='ocrx_word' id='word_1_202' title='bbox 809 1692 886 1757; x_wconf 77' lang='lat' dir='ltr'>legati</span> <span class='ocrx_word' id='word_1_203' title='bbox 897 1698 994 1747; x_wconf 72' lang='lat' dir='ltr'>vendre</span> <span class='ocrx_word' id='word_1_204' title='bbox 1008 1716 1017 1749; x_wconf 75' lang='lat' dir='ltr'>t</span> 
     </span>
     <span class='ocr_line' id='line_1_24' title="bbox 98 1764 1018 1833; baseline 0.008 -19"><span class='ocrx_word' id='word_1_205' title='bbox 98 1764 202 1814; x_wconf 83' lang='lat' dir='ltr'>miserat</span> <span class='ocrx_word' id='word_1_206' title='bbox 214 1764 366 1816; x_wconf 80' lang='lat' dir='ltr'>amicitiam</span> <span class='ocrx_word' id='word_1_207' title='bbox 377 1781 409 1815; x_wconf 85' lang='lat' dir='ltr'>oc</span> <span class='ocrx_word' id='word_1_208' title='bbox 414 1764 505 1833; x_wconf 81' lang='lat' dir='ltr'>foedua</span> <span class='ocrx_word' id='word_1_209' title='bbox 515 1776 714 1827; x_wconf 71' lang='lat' dir='ltr'>memoraturus,</span> <span class='ocrx_word' id='word_1_210' title='bbox 728 1778 754 1814; x_wconf 90' lang='lat' dir='ltr'>et</span> <span class='ocrx_word' id='word_1_211' title='bbox 770 1782 783 1815; x_wconf 81' lang='lat' dir='ltr'>tt</span> <span class='ocrx_word' id='word_1_212' title='bbox 793 1764 883 1832; x_wconf 85' lang='lat' dir='ltr'>cupere</span> <span class='ocrx_word' id='word_1_213' title='bbox 892 1773 1018 1821; x_wconf 73' lang='lat' dir='ltr'>renovari</span> 
     </span>
     <span class='ocr_line' id='line_1_25' title="bbox 101 1838 1018 1907; baseline 0.005 -18"><span class='ocrx_word' id='word_1_214' title='bbox 101 1841 216 1903; x_wconf 78' lang='lat' dir='ltr'>dextras,</span> <span class='ocrx_word' id='word_1_215' title='bbox 231 1839 400 1899; x_wconf 80' lang='lat' dir='ltr'>daturumque</span> <span class='ocrx_word' id='word_1_216' title='bbox 410 1838 500 1887; x_wconf 87' lang='lat' dir='ltr'>honori</span> <span class='ocrx_word' id='word_1_217' title='bbox 512 1838 673 1905; x_wconf 75' lang='lat' dir='ltr'>Germanici,</span> <span class='ocrx_word' id='word_1_218' title='bbox 683 1840 806 1905; x_wconf 16' lang='lat' dir='ltr'>uturipam</span> <span class='ocrx_word' id='word_1_219' title='bbox 817 1841 956 1907; x_wconf 81' lang='lat' dir='ltr'>Euphratis</span> <span class='ocrx_word' id='word_1_220' title='bbox 970 1862 1018 1894; x_wconf 88' lang='lat' dir='ltr'>ac-</span> 
     </span>
     <span class='ocr_line' id='line_1_26' title="bbox 96 1910 1019 1981; baseline 0.007 -22"><span class='ocrx_word' id='word_1_221' title='bbox 96 1911 216 1977; x_wconf 72' lang='lat' dir='ltr'>cederet:</span> <span class='ocrx_word' id='word_1_222' title='bbox 226 1916 312 1979; x_wconf 80' lang='lat' dir='ltr'>petere</span> <span class='ocrx_word' id='word_1_223' title='bbox 322 1912 424 1959; x_wconf 88' lang='lat' dir='ltr'>interim</span> <span class='ocrx_word' id='word_1_224' title='bbox 434 1946 440 1969; x_wconf 94' lang='lat'>,</span> <span class='ocrx_word' id='word_1_225' title='bbox 450 1928 481 1959; x_wconf 93' lang='lat' dir='ltr'>ne</span> <span class='ocrx_word' id='word_1_226' title='bbox 492 1910 614 1961; x_wconf 83' lang='lat' dir='ltr'>Vonones</span> <span class='ocrx_word' id='word_1_227' title='bbox 621 1912 647 1958; x_wconf 96' lang='lat' dir='ltr'>in</span> <span class='ocrx_word' id='word_1_228' title='bbox 655 1910 725 1977; x_wconf 72' lang='lat' dir='ltr'>Syria</span> <span class='ocrx_word' id='word_1_229' title='bbox 735 1910 1019 1981; x_wconf 85' lang='lat' dir='ltr'>haberetur,neup1·o-</span> 
     </span>
     <span class='ocr_line' id='line_1_27' title="bbox 98 1982 1018 2049; baseline 0.007 -19"><span class='ocrx_word' id='word_1_230' title='bbox 98 1998 168 2031; x_wconf 86' lang='lat' dir='ltr'>ceres</span> <span class='ocrx_word' id='word_1_231' title='bbox 179 1984 292 2048; x_wconf 81' lang='lat' dir='ltr'>gentium</span> <span class='ocrx_word' id='word_1_232' title='bbox 308 1983 457 2049; x_wconf 85' lang='lat' dir='ltr'>propinquis</span> <span class='ocrx_word' id='word_1_233' title='bbox 472 1984 567 2031; x_wconf 89' lang='lat' dir='ltr'>nuntiis</span> <span class='ocrx_word' id='word_1_234' title='bbox 576 1983 609 2031; x_wconf 92' lang='lat' dir='ltr'>ad</span> <span class='ocrx_word' id='word_1_235' title='bbox 619 1982 756 2032; x_wconf 86' lang='lat' dir='ltr'>discordias</span> <span class='ocrx_word' id='word_1_236' title='bbox 767 1984 910 2036; x_wconf 76' lang='lat' dir='ltr'>traheret».</span> <span class='ocrx_word' id='word_1_237' title='bbox 928 1988 971 2035; x_wconf 84' lang='lat' dir='ltr'>Ad</span> <span class='ocrx_word' id='word_1_238' title='bbox 985 2006 1018 2037; x_wconf 85' lang='lat' dir='ltr'>ea</span> 
     </span>
     <span class='ocr_line' id='line_1_28' title="bbox 98 2054 1018 2127; baseline 0.008 -25"><span class='ocrx_word' id='word_1_239' title='bbox 98 2056 280 2121; x_wconf 86' lang='lat' dir='ltr'>Germanicus,</span> <span class='ocrx_word' id='word_1_240' title='bbox 292 2056 323 2104; x_wconf 87' lang='lat' dir='ltr'>de</span> <span class='ocrx_word' id='word_1_241' title='bbox 332 2058 452 2105; x_wconf 83' lang='lat' dir='ltr'>societate</span> <span class='ocrx_word' id='word_1_242' title='bbox 465 2054 638 2105; x_wconf 84' lang='lat' dir='ltr'>Romanorum</span> <span class='ocrx_word' id='word_1_243' title='bbox 649 2056 850 2121; x_wconf 88' lang='lat' dir='ltr'>Parthorumque</span> <span class='ocrx_word' id='word_1_244' title='bbox 861 2061 999 2124; x_wconf 61' lang='lat' dir='ltr'>magnifici</span> <span class='ocrx_word' id='word_1_245' title='bbox 1010 2083 1018 2127; x_wconf 67' lang='grc' dir='ltr'><strong>ς</strong></span> 
     </span>
     <span class='ocr_line' id='line_1_29' title="bbox 101 2128 1017 2197; baseline 0.005 -18"><span class='ocrx_word' id='word_1_246' title='bbox 101 2130 133 2179; x_wconf 87' lang='lat' dir='ltr'>de</span> <span class='ocrx_word' id='word_1_247' title='bbox 143 2128 253 2179; x_wconf 84' lang='lat' dir='ltr'>adventu</span> <span class='ocrx_word' id='word_1_248' title='bbox 264 2132 330 2197; x_wconf 81' lang='lat' dir='ltr'>regis</span> <span class='ocrx_word' id='word_1_249' title='bbox 340 2142 366 2179; x_wconf 83' lang='lat' dir='ltr'>et</span> <span class='ocrx_word' id='word_1_250' title='bbox 376 2132 448 2181; x_wconf 84' lang='lat' dir='ltr'>cultu</span> <span class='ocrx_word' id='word_1_251' title='bbox 457 2131 496 2181; x_wconf 88' lang='lat' dir='ltr'>sui</span> <span class='ocrx_word' id='word_1_252' title='bbox 506 2168 513 2192; x_wconf 93' lang='lat'>,</span> <span class='ocrx_word' id='word_1_253' title='bbox 528 2148 586 2180; x_wconf 90' lang='lat' dir='ltr'>cutn</span> <span class='ocrx_word' id='word_1_254' title='bbox 597 2131 687 2179; x_wconf 85' lang='lat' dir='ltr'>decore</span> <span class='ocrx_word' id='word_1_255' title='bbox 698 2148 727 2180; x_wconf 89' lang='lat' dir='ltr'>ao</span> <span class='ocrx_word' id='word_1_256' title='bbox 736 2131 859 2180; x_wconf 79' lang='lat' dir='ltr'>modestia</span> <span class='ocrx_word' id='word_1_257' title='bbox 868 2133 1017 2197; x_wconf 86' lang='lat' dir='ltr'>respondit.</span> 
     </span>
     <span class='ocr_line' id='line_1_30' title="bbox 99 2204 1041 2271; baseline 0.003 -19"><span class='ocrx_word' id='word_1_258' title='bbox 99 2204 222 2253; x_wconf 83' lang='lat' dir='ltr'>Vonones</span> <span class='ocrx_word' id='word_1_259' title='bbox 231 2205 432 2271; x_wconf 83' lang='lat' dir='ltr'>Pompeiopolim</span> <span class='ocrx_word' id='word_1_260' title='bbox 442 2241 449 2263; x_wconf 91' lang='lat'>,</span> <span class='ocrx_word' id='word_1_261' title='bbox 460 2205 553 2253; x_wconf 81' lang='lat' dir='ltr'>Ciliciae</span> <span class='ocrx_word' id='word_1_262' title='bbox 563 2205 715 2251; x_wconf 89' lang='lat' dir='ltr'>maritimam</span> <span class='ocrx_word' id='word_1_263' title='bbox 727 2204 831 2263; x_wconf 88' lang='lat' dir='ltr'>urbem,</span> <span class='ocrx_word' id='word_1_264' title='bbox 845 2217 944 2264; x_wconf 81' lang='lat' dir='ltr'>amotus</span> <span class='ocrx_word' id='word_1_265' title='bbox 953 2218 998 2255; x_wconf 86' lang='lat' dir='ltr'>est</span> <span class='ocrx_word' id='word_1_266' title='bbox 1009 2222 1016 2254; x_wconf 73' lang='grc' dir='ltr'><strong>ε</strong></span> <span class='ocrx_word' id='word_1_267' title='bbox 1040 2243 1041 2246; x_wconf 22' lang='lat'>¹</span> 
     </span>
     <span class='ocr_line' id='line_1_31' title="bbox 101 2276 1017 2344; baseline 0.004 -21"><span class='ocrx_word' id='word_1_268' title='bbox 101 2276 189 2325; x_wconf 88' lang='lat' dir='ltr'>datum</span> <span class='ocrx_word' id='word_1_269' title='bbox 201 2277 228 2324; x_wconf 90' lang='lat' dir='ltr'>id</span> <span class='ocrx_word' id='word_1_270' title='bbox 240 2295 290 2326; x_wconf 91' lang='lat' dir='ltr'>nou</span> <span class='ocrx_word' id='word_1_271' title='bbox 301 2278 379 2333; x_wconf 79' lang='lat' dir='ltr'>mudb</span> <span class='ocrx_word' id='word_1_272' title='bbox 390 2278 506 2343; x_wconf 84' lang='lat' dir='ltr'>precibus</span> <span class='ocrx_word' id='word_1_273' title='bbox 517 2278 652 2333; x_wconf 86' lang='lat' dir='ltr'>Artabani,</span> <span class='ocrx_word' id='word_1_274' title='bbox 666 2277 709 2325; x_wconf 83' lang='lat' dir='ltr'>sed</span> <span class='ocrx_word' id='word_1_275' title='bbox 724 2280 882 2326; x_wconf 80' lang='lat' dir='ltr'>contumelia</span> <span class='ocrx_word' id='word_1_276' title='bbox 895 2280 1017 2344; x_wconf 82' lang='lat' dir='ltr'>Pisonis,</span> 
     </span>
     <span class='ocr_line' id='line_1_32' title="bbox 101 2343 1041 2420; baseline 0.001 -21"><span class='ocrx_word' id='word_1_277' title='bbox 101 2343 143 2399; x_wconf 76' lang='lat' dir='ltr'>¹cui</span> <span class='ocrx_word' id='word_1_278' title='bbox 153 2352 309 2417; x_wconf 81' lang='lat' dir='ltr'>gratissimus</span> <span class='ocrx_word' id='word_1_279' title='bbox 318 2364 379 2415; x_wconf 88' lang='lat' dir='ltr'>erat,</span> <span class='ocrx_word' id='word_1_280' title='bbox 389 2354 421 2401; x_wconf 90' lang='lat' dir='ltr'>ob</span> <span class='ocrx_word' id='word_1_281' title='bbox 431 2353 541 2420; x_wconf 87' lang='lat' dir='ltr'>plurima</span> <span class='ocrx_word' id='word_1_282' title='bbox 550 2352 630 2401; x_wconf 86' lang='lat' dir='ltr'>ollioia</span> <span class='ocrx_word' id='word_1_283' title='bbox 639 2350 739 2401; x_wconf 84' lang='lat' dir='ltr'>et&#39;dona</span> <span class='ocrx_word' id='word_1_284' title='bbox 748 2386 756 2411; x_wconf 91' lang='lat'>,</span> <span class='ocrx_word' id='word_1_285' title='bbox 764 2352 856 2415; x_wconf 87' lang='lat' dir='ltr'>quibus</span> <span class='ocrx_word' id='word_1_286' title='bbox 863 2352 1018 2401; x_wconf 87' lang='lat' dir='ltr'>Plancinam</span> <span class='ocrx_word' id='word_1_287' title='bbox 1040 2387 1041 2390; x_wconf 18' lang='grc' dir='ltr'>η</span> 
     </span>
     <span class='ocr_line' id='line_1_33' title="bbox 101 2426 259 2479; baseline 0.006 -2"><span class='ocrx_word' id='word_1_288' title='bbox 101 2426 259 2479; x_wconf 76' lang='lat' dir='ltr'>devinxerat.</span> 
     </span>
    </p>
   </div>
   <div class='ocr_carea' id='block_1_6' title="bbox 98 2519 1041 3326">
    <p class='ocr_par' dir='ltr' id='par_1_7' title="bbox 98 2519 1041 3326">
     <span class='ocr_line' id='line_1_34' title="bbox 133 2519 1014 2585; baseline -0.007 -16"><span class='ocrx_word' id='word_1_289' title='bbox 133 2522 203 2573; x_wconf 83' lang='lat' dir='ltr'>LIX.</span> <span class='ocrx_word' id='word_1_290' title='bbox 215 2524 252 2573; x_wconf 91' lang='lat' dir='ltr'>M.</span> <span class='ocrx_word' id='word_1_291' title='bbox 263 2523 362 2584; x_wconf 80' lang='lat' dir='ltr'>Silano,</span> <span class='ocrx_word' id='word_1_292' title='bbox 372 2524 403 2571; x_wconf 86' lang='lat' dir='ltr'>L.</span> <span class='ocrx_word' id='word_1_293' title='bbox 412 2522 531 2571; x_wconf 84' lang='lat' dir='ltr'>Norbano</span> <span class='ocrx_word' id='word_1_294' title='bbox 540 2523 611 2569; x_wconf 72' lang='lat' dir='ltr'>con·</span> <span class='ocrx_word' id='word_1_295' title='bbox 621 2519 789 2576; x_wconf 67' lang='lat' dir='ltr'>Germanicus</span> <span class='ocrx_word' id='word_1_296' title='bbox 798 2520 1014 2585; x_wconf 73' lang='lat' dir='ltr'>AEgyptumpro.</span> 
     </span>
     <span class='ocr_line' id='line_1_35' title="bbox 98 2591 1015 2657; baseline 0.003 -16"><span class='ocrx_word' id='word_1_297' title='bbox 98 2592 231 2649; x_wconf 84' lang='lat' dir='ltr'>ficiscitur,</span> <span class='ocrx_word' id='word_1_298' title='bbox 246 2592 425 2656; x_wconf 77' lang='lat' dir='ltr'>cognoscendae</span> <span class='ocrx_word' id='word_1_299' title='bbox 438 2593 596 2655; x_wconf 80' lang='lat' dir='ltr'>antiquitatis</span> <span class='ocrx_word' id='word_1_300' title='bbox 612 2591 675 2644; x_wconf 80' lang='lat' dir='ltr'>:sed</span> <span class='ocrx_word' id='word_1_301' title='bbox 686 2608 744 2641; x_wconf 89' lang='lat' dir='ltr'>cura</span> <span class='ocrx_word' id='word_1_302' title='bbox 755 2593 892 2656; x_wconf 79' lang='lat' dir='ltr'>provincia</span> <span class='ocrx_word' id='word_1_303' title='bbox 900 2606 1015 2657; x_wconf 84' lang='lat' dir='ltr'>praeten-</span> 
     </span>
     <span class='ocr_line' id='line_1_36' title="bbox 98 2664 1016 2730; baseline 0.003 -17"><span class='ocrx_word' id='word_1_304' title='bbox 98 2666 226 2729; x_wconf 76' lang='lat' dir='ltr'>,debatur5</span> <span class='ocrx_word' id='word_1_305' title='bbox 237 2666 397 2729; x_wconf 78' lang='lat' dir='ltr'>levavitque,</span> <span class='ocrx_word' id='word_1_306' title='bbox 412 2666 505 2729; x_wconf 85' lang='lat' dir='ltr'>apertis</span> <span class='ocrx_word' id='word_1_307' title='bbox 521 2664 634 2722; x_wconf 85' lang='lat' dir='ltr'>horreis,</span> <span class='ocrx_word' id='word_1_308' title='bbox 650 2667 731 2730; x_wconf 88' lang='lat' dir='ltr'>pretia</span> <span class='ocrx_word' id='word_1_309' title='bbox 747 2664 849 2730; x_wconf 77' lang='lat' dir='ltr'>frugum</span> <span class='ocrx_word' id='word_1_310' title='bbox 862 2680 869 2712; x_wconf 75' lang='grc' dir='ltr'><strong><em>ε</em></strong></span> <span class='ocrx_word' id='word_1_311' title='bbox 882 2666 1016 2730; x_wconf 80' lang='lat' dir='ltr'>multaque</span> 
     </span>
     <span class='ocr_line' id='line_1_37' title="bbox 104 2734 1015 2805; baseline -0.004 -15"><span class='ocrx_word' id='word_1_312' title='bbox 104 2740 130 2790; x_wconf 90' lang='lat' dir='ltr'>iu</span> <span class='ocrx_word' id='word_1_313' title='bbox 141 2738 231 2805; x_wconf 77' lang='lat' dir='ltr'>vulgos</span> <span class='ocrx_word' id='word_1_314' title='bbox 242 2749 313 2802; x_wconf 81' lang='lat' dir='ltr'>grata</span> <span class='ocrx_word' id='word_1_315' title='bbox 321 2739 471 2801; x_wconf 76' lang='lat' dir='ltr'>usttrpavit3</span> <span class='ocrx_word' id='word_1_316' title='bbox 484 2737 539 2787; x_wconf 89' lang='lat' dir='ltr'>siue</span> <span class='ocrx_word' id='word_1_317' title='bbox 550 2736 632 2785; x_wconf 84' lang='lat' dir='ltr'>milite</span> <span class='ocrx_word' id='word_1_318' title='bbox 641 2735 757 2785; x_wconf 85' lang='lat' dir='ltr'>incedere</span> <span class='ocrx_word' id='word_1_319' title='bbox 765 2772 771 2793; x_wconf 93' lang='lat'>,</span> <span class='ocrx_word' id='word_1_320' title='bbox 778 2734 886 2801; x_wconf 89' lang='lat' dir='ltr'>pedibus</span> <span class='ocrx_word' id='word_1_321' title='bbox 896 2734 1015 2802; x_wconf 84' lang='lat' dir='ltr'>intectis,</span> 
     </span>
     <span class='ocr_line' id='line_1_38' title="bbox 104 2808 1041 2878; baseline -0.002 -17"><span class='ocrx_word' id='word_1_322' title='bbox 104 2824 128 2861; x_wconf 89' lang='lat' dir='ltr'>et</span> <span class='ocrx_word' id='word_1_323' title='bbox 139 2813 258 2878; x_wconf 80' lang='lat' dir='ltr'>puricum</span> <span class='ocrx_word' id='word_1_324' title='bbox 268 2812 361 2861; x_wconf 79' lang='lat' dir='ltr'>Gracia</span> <span class='ocrx_word' id='word_1_325' title='bbox 371 2810 474 2869; x_wconf 86' lang='lat' dir='ltr'>amictu,</span> <span class='ocrx_word' id='word_1_326' title='bbox 484 2808 514 2859; x_wconf 92' lang='lat' dir='ltr'>P.</span> <span class='ocrx_word' id='word_1_327' title='bbox 522 2810 647 2875; x_wconf 87' lang='lat' dir='ltr'>Scipionis</span> <span class='ocrx_word' id='word_1_328' title='bbox 655 2810 829 2869; x_wconf 65' lang='lat' dir='ltr'>emulatione‘3</span> <span class='ocrx_word' id='word_1_329' title='bbox 839 2825 914 2873; x_wconf 91' lang='lat' dir='ltr'>quem</span> <span class='ocrx_word' id='word_1_330' title='bbox 924 2809 1016 2859; x_wconf 87' lang='lat' dir='ltr'>cadem</span> <span class='ocrx_word' id='word_1_331' title='bbox 1040 2845 1041 2848; x_wconf 51' lang='lat'><em>=</em></span> 
     </span>
     <span class='ocr_line' id='line_1_39' title="bbox 100 2882 1012 2951; baseline -0.004 -15"><span class='ocrx_word' id='word_1_332' title='bbox 100 2886 254 2937; x_wconf 75' lang='lat' dir='ltr'>factitavisse</span> <span class='ocrx_word' id='word_1_333' title='bbox 272 2884 340 2951; x_wconf 87' lang='lat' dir='ltr'>apud</span> <span class='ocrx_word' id='word_1_334' title='bbox 355 2884 484 2949; x_wconf 82' lang='lat' dir='ltr'>Siciliam,</span> <span class='ocrx_word' id='word_1_335' title='bbox 501 2886 616 2949; x_wconf 80' lang='lat' dir='ltr'>quamvis</span> <span class='ocrx_word' id='word_1_336' title='bbox 632 2884 753 2949; x_wconf 79' lang='lat' dir='ltr'>flagrante</span> <span class='ocrx_word' id='word_1_337' title='bbox 770 2882 855 2934; x_wconf 84' lang='lat' dir='ltr'>adhuc</span> <span class='ocrx_word' id='word_1_338' title='bbox 872 2883 1012 2933; x_wconf 87' lang='lat' dir='ltr'>Poenorum</span> 
     </span>
     <span class='ocr_line' id='line_1_40' title="bbox 102 2956 1010 3024; baseline -0.003 -16"><span class='ocrx_word' id='word_1_339' title='bbox 102 2956 183 3018; x_wconf 86' lang='lat' dir='ltr'>bello,</span> <span class='ocrx_word' id='word_1_340' title='bbox 199 2958 349 3023; x_wconf 77' lang='lat' dir='ltr'>accepimus,</span> <span class='ocrx_word' id='word_1_341' title='bbox 360 2958 492 3015; x_wconf 80' lang='lat' dir='ltr'>Tiberius,</span> <span class='ocrx_word' id='word_1_342' title='bbox 506 2958 578 3007; x_wconf 91' lang='lat' dir='ltr'>cultu</span> <span class='ocrx_word' id='word_1_343' title='bbox 588 2956 725 3024; x_wconf 83' lang='lat' dir='ltr'>habituque</span> <span class='ocrx_word' id='word_1_344' title='bbox 741 2957 794 3021; x_wconf 80' lang='lat' dir='ltr'>ejus</span> <span class='ocrx_word' id='word_1_345' title='bbox 805 2956 906 3015; x_wconf 83' lang='lat' dir='ltr'>lenibus</span> <span class='ocrx_word' id='word_1_346' title='bbox 921 2958 1010 3007; x_wconf 82' lang='lat' dir='ltr'>verbis</span> 
     </span>
     <span class='ocr_line' id='line_1_41' title="bbox 101 3029 1025 3099; baseline -0.002 -18"><span class='ocrx_word' id='word_1_347' title='bbox 101 3032 246 3099; x_wconf 83' lang='lat' dir='ltr'>perstricto,</span> <span class='ocrx_word' id='word_1_348' title='bbox 254 3030 374 3088; x_wconf 73' lang='lat' dir='ltr'>acerrimi</span> <span class='ocrx_word' id='word_1_349' title='bbox 382 3032 506 3098; x_wconf 85' lang='lat' dir='ltr'>increpuit</span> <span class='ocrx_word' id='word_1_350' title='bbox 510 3030 591 3097; x_wconf 89' lang='lat' dir='ltr'>,quod</span> <span class='ocrx_word' id='word_1_351' title='bbox 599 3044 688 3082; x_wconf 85' lang='lat' dir='ltr'>contra</span> <span class='ocrx_word' id='word_1_352' title='bbox 699 3032 815 3080; x_wconf 86' lang='lat' dir='ltr'>instituta</span> <span class='ocrx_word' id='word_1_353' title='bbox 825 3029 948 3094; x_wconf 76' lang='lat' dir='ltr'>Augusti,</span> <span class='ocrx_word' id='word_1_354' title='bbox 957 3046 1025 3079; x_wconf 42' lang='lat' dir='ltr'>nont</span> 
     </span>
     <span class='ocr_line' id='line_1_42' title="bbox 105 3103 1012 3173; baseline -0.004 -16"><span class='ocrx_word' id='word_1_355' title='bbox 105 3119 196 3173; x_wconf 84' lang='lat' dir='ltr'>sponte</span> <span class='ocrx_word' id='word_1_356' title='bbox 208 3106 514 3173; x_wconf 73' lang='lat' dir='ltr'>principisllerandriam</span> <span class='ocrx_word' id='word_1_357' title='bbox 526 3107 655 3157; x_wconf 84' lang='lat' dir='ltr'>introisset</span> <span class='ocrx_word' id='word_1_358' title='bbox 666 3122 739 3161; x_wconf 86' lang='lat' dir='ltr'>:nam</span> <span class='ocrx_word' id='word_1_359' title='bbox 750 3106 878 3171; x_wconf 78' lang='lat' dir='ltr'>Augustus</span> <span class='ocrx_word' id='word_1_360' title='bbox 888 3103 954 3151; x_wconf 88' lang='lat' dir='ltr'>iuter</span> <span class='ocrx_word' id='word_1_361' title='bbox 964 3104 1012 3154; x_wconf 81' lang='lat' dir='ltr'>alia</span> 
     </span>
     <span class='ocr_line' id='line_1_43' title="bbox 106 3175 1041 3248; baseline -0.006 -19"><span class='ocrx_word' id='word_1_362' title='bbox 106 3180 287 3233; x_wconf 86' lang='lat' dir='ltr'>dominationis</span> <span class='ocrx_word' id='word_1_363' title='bbox 295 3196 384 3232; x_wconf 86' lang='lat' dir='ltr'>aroana</span> <span class='ocrx_word' id='word_1_364' title='bbox 391 3216 398 3241; x_wconf 96' lang='lat'>,</span> <span class='ocrx_word' id='word_1_365' title='bbox 409 3178 507 3245; x_wconf 83' lang='lat' dir='ltr'>vetitis,</span> <span class='ocrx_word' id='word_1_366' title='bbox 521 3180 718 3248; x_wconf 79' lang='lat' dir='ltr'>nisipermissu,</span> <span class='ocrx_word' id='word_1_367' title='bbox 726 3177 824 3243; x_wconf 80' lang='lat' dir='ltr'>ingredi</span> <span class='ocrx_word' id='word_1_368' title='bbox 834 3175 1008 3242; x_wconf 77' lang='lat' dir='ltr'>senatoribus,</span> <span class='ocrx_word' id='word_1_369' title='bbox 1040 3189 1041 3192; x_wconf 73' lang='grc'>’</span> 
     </span>
     <span class='ocr_line' id='line_1_44' title="bbox 105 3246 1007 3326; baseline 0.006 -23"><span class='ocrx_word' id='word_1_370' title='bbox 105 3265 148 3311; x_wconf 75' lang='lat' dir='ltr'>aut</span> <span class='ocrx_word' id='word_1_371' title='bbox 160 3255 287 3321; x_wconf 77' lang='lat' dir='ltr'>equitibus</span> <span class='ocrx_word' id='word_1_372' title='bbox 297 3254 419 3313; x_wconf 81' lang='lat' dir='ltr'>Romanis</span> <span class='ocrx_word' id='word_1_373' title='bbox 428 3254 591 3319; x_wconf 78' lang='lat' dir='ltr'>illustribus,</span> <span class='ocrx_word' id='word_1_374' title='bbox 599 3254 718 3325; x_wconf 49' lang='lat' dir='ltr'>‚seposuit</span> <span class='ocrx_word' id='word_1_375' title='bbox 727 3254 864 3322; x_wconf 66' lang='lat' dir='ltr'>Egyptuut</span> <span class='ocrx_word' id='word_1_376' title='bbox 874 3266 880 3299; x_wconf 86' lang='lat'>:</span> <span class='ocrx_word' id='word_1_377' title='bbox 892 3264 925 3309; x_wconf 64' lang='grc' dir='ltr'>πθ,</span> <span class='ocrx_word' id='word_1_378' title='bbox 940 3246 1007 3326; x_wconf 57' lang='grc' dir='ltr'>(ψη</span> 
     </span>
    </p>
   </div>
   <div class='ocr_carea' id='block_1_7' title="bbox 0 0 1060 3709">
    <p class='ocr_par' dir='ltr' id='par_1_8' title="bbox 0 0 1060 3709">
     <span class='ocr_line' id='line_1_45' title="bbox 0 0 1060 3709; baseline 0 0"><span class='ocrx_word' id='word_1_379' title='bbox 0 0 1060 3709; x_wconf 95' lang='lat' dir='ltr'> </span> 
     </span>
    </p>
   </div>
  </div>
 </body>
</html>
