2100 3709
143 36 203 86 ''f-
276 47 680 95 nrsronrtnrresrs.rrr.
771 87 775 91 Α
884 45 937 106 335

6 148 56 183 are
70 129 188 197 hostes,
198 134 319 207 praegredi
329 130 439 201 pancos,
452 149 552 188 motum
561 136 742 205 fremitumque
748 138 799 191 lete
808 139 893 196 audiri
901 164 917 194 n
929 184 938 209 ,

6 207 160 258 suntiavit.
171 210 239 258 Dum
248 206 391 273 Antonine,
402 208 545 274 «quidnam
557 210 718 275 egendum»,
730 217 868 279 consultat,
879 223 938 269 ari-

6 280 96 331 ditate
108 282 234 331 uerenda
248 298 328 348 operas
344 283 432 331 Arrius
444 282 528 333 Varus
541 299 599 332 cum
610 287 807 353 promptissimis
818 296 936 357 equitum

6 356 157 421 prorupit,
172 356 323 421 impulitque
338 355 506 415 ViteIIIanoe,
524 356 629 407 modici
645 358 729 424 caede3
748 355 806 411 narn
823 367 935 431 plurium

6 444 145 489 recursu,
158 445 230 477 versa
239 428 357 491 fortuna,
373 434 397 480 et
416 431 554 481 acerrimus
566 431 672 497 quitque
690 438 862 499 sequentium,
873 438 937 505 fugas

6 503 133 551 ultimus
144 514 199 552 erat
210 520 216 549 :
226 517 281 551 necx
289 514 380 569 sponte
391 501 498 553 Antonii
515 515 694 570 properatum,
706 505 813 575 stione,
826 528 879 576 quae
896 530 938 563 ac-

6 574 150 640 ciderant,
161 576 272 627 iebstur.
284 577 406 626 Hortatur
419 594 492 639 suos,
505 590 559 627 ent
569 595 661 645 magno
672 583 758 633 enimc
774 599 935 653 capesserent

6 666 135 717 pugnam
145 666 174 713 a,
193 648 305 699 diductis
321 650 348 699 in
363 651 444 700 latera
462 653 569 711 turmis,
585 669 693 708 vacuum
711 649 805 707 medio*
815 660 938 727 relinquit

6 726 75 783 iter,
88 724 252 789 qroarum
260 725 405 793 equitesque
414 726 467 791 ejus
475 729 692 795 reciperetejussee
703 738 799 785 srmdri
808 734 935 801 legiones:

6 796 108 849 datum
117 814 166 866 pet·
174 814 247 879 egros
255 798 364 865 signum,
374 813 411 861 ut,
422 799 470 866 qui
480 802 571 867 cuique
578 804 734 870 proximum,
742 809 835 859 omissi
842 810 936 877 predi,

6 874 103 941 praelio
116 886 288 923 occurrerent.
299 874 411 925 Peridus
420 876 523 927 interim
532 876 629 936 Varus,
640 880 720 930 turbas
730 898 836 933 suorum
844 884 937 935 misee-

5 962 68 1010 tur,
84 949 226 1014 intulitque
243 947 403 999 formidinem
414 968 420 999 ε
432 950 499 1017 pulsi
516 965 577 1001 cum
591 947 683 1003 sauciis
697 954 807 1022 Integri,
816 967 936 1006 suomet-

6 1023 59 1090 ipsi
71 1033 166 1083 metu,
178 1034 203 1071 et
215 1022 337 1087 angustiis
347 1021 447 1070 viarum
459 1024 681 1076 confltenbsnrur.

38 1096 138 1149 XVII.
146 1095 253 1145 Nullum
259 1096 284 1144 in
292 1092 336 1143 illi
344 1092 511 1158 trepidatione
518 1093 646 1147 Antonius
655 1102 792 1151 constantis
799 1100 880 1165 ducis,
890 1116 936 1155 sut

6 1169 156 1225 tortissimi
166 1170 254 1221 militie
263 1206 269 1227 ,
279 1167 387 1217 officium
397 1168 482 1217 omisit
491 1186 497 1217 z
506 1185 637 1219 occursare
647 1174 798 1237 paventibus
807 1193 815 1240 5
825 1177 935 1228 retinere

6 1246 154 1297 cedentes:
166 1244 211 1293 ubi
219 1244 347 1310 plurimus
355 1241 442 1304 luber,
453 1241 520 1291 unde
531 1242 615 1306 eliqua
625 1259 696 1309 spes,
708 1246 827 1305 consilio,
839 1266 932 1313 manu,

8 1336 78 1373 voce
102 1320 214 1386 insignis
241 1318 325 1375 hosti,
348 1315 500 1382 conspicuus
520 1318 598 1367 suis:
627 1314 658 1365 ed
685 1319 816 1384 postremd
838 1323 937 1373 ardoris

7 1406 163 1462 provectus
177 1404 227 1453 est,
244 1404 273 1441 ut
285 1391 446 1440 vexillarium
463 1388 603 1458 fugientem
617 1388 688 1441 haere
702 1394 935 1446 transverberaret:
1015 1411 1016 1414 ’
1036 1410 1044 1416 “

9 1487 76 1521 mox
88 1480 198 1537 raptum
210 1466 331 1517 reinlum
342 1466 368 1515 in
378 1464 477 1515 bostem
490 1464 581 1515 vertit:
593 1482 644 1531 quo
653 1466 832 1532 pudore'beud
842 1471 939 1537 plures,

11 1544 97 1609 quiam
110 1554 216 1593 centum
223 1542 335 1607 equites,
346 1539 470 1590 restitere.
483 1540 553 1589 lusit
566 1540 651 1601 locos,
662 1541 770 1591 arctiore
781 1542 835 1591 illic
845 1545 883 1593 viri
889 1579 901 1605 ,
909 1555 937 1593 et

8 1614 99 1667 lraeto
118 1616 290 1667 interfluentis
304 1616 354 1664 rivi
366 1625 459 1681 ponte,
476 1616 521 1681 qui
534 1614 632 1664 incerto
647 1614 736 1675 elr'eo,
754 1627 781 1665 et
796 1619 937 1684 precipiti-

7 1691 60 1741 bus
76 1691 157 1759 ripis,
171 1688 256 1757 lugam
271 1688 428 1757 impediebat
440 1705 445 1739 :
457 1704 486 1737 ee
499 1690 652 1748 necessitas,
665 1706 711 1739 seu
723 1688 840 1756 fortuna,
852 1692 937 1759 lapsas

6 1762 62 1829 jam
80 1775 172 1832 partes
188 1763 308 1813 restituit.
325 1761 434 1813 Firmati
452 1764 517 1813 inter
536 1778 580 1822 se,
597 1762 681 1813 densis
697 1764 843 1829 ordinibus,
862 1768 938 1817 exei-

8 1841 90 1907 piunt
100 1838 255 1891 Vitellianos
269 1836 364 1887 temere
374 1836 467 1889 effusos
479 1856 485 1887 :
497 1849 572 1903 atque
584 1837 623 1887 illi
634 1850 838 1892 consternantur.
850 1840 937 1892 Anto-

8 1915 71 1964 nius
90 1914 188 1963 instare
205 1911 344 1979 perculsis,
356 1924 468 1963 sternere
485 1914 583 1964 obvios.
600 1913 681 1961 Simul
692 1918 786 1978 ceteri,
804 1918 934 1981 uterique

9 1988 167 2054 ingenium,
180 1985 302 2051 spoliare,
316 2002 420 2051 capere,
432 2004 515 2050 arma,
529 1987 656 2050 equosque
670 1988 787 2053 abripere
798 2008 805 2038 :
816 1991 939 2041 etexciti'

10 2074 141 2128 prospero
155 2060 279 2119 clamore,
289 2058 333 2123 qui
344 2056 422 2108 modd
436 2073 482 2125 per
495 2074 567 2125 agros
580 2058 638 2122 tuga
648 2061 811 2125 palabantur,
821 2066 934 2113 rictorire
954 2090 958 2105 =

13 2152 42 2184 ee
55 2134 212 2185 mlecebsnt.

44 2206 152 2261 XVIII.
168 2204 211 2257 Ad
228 2214 347 2270 quartum
362 2200 377 2253 i
391 2201 518 2263 Cremona
537 2200 668 2269 lapidem,
688 2202 783 2253 fulsere
801 2206 934 2272 legionum

10 2283 86 2349 signa
97 2319 105 2346 ,
117 2280 225 2347 Rapacis
238 2290 314 2343 atque
328 2277 437 2340 Italicae,
451 2278 506 2327 laeto
523 2278 591 2327 inter
606 2278 677 2329 initis
691 2280 933 2344 equitum-suorum
947 2320 951 2327 .

11 2356 120 2432 prelio,
135 2356 196 2404 illuc
215 2367 295 2417 usque
312 2364 443 2419 provecta.
459 2350 509 2400 Sed
527 2352 572 2400 ubi
587 2350 688 2400 fortuna
702 2350 792 2400 contri
806 2351 935 2413 inignem

6 2428 102 2480 rlsxnre
114 2428 233 2488 ordines,
246 2442 298 2477 uon
309 2426 423 2491 recipere
434 2426 563 2487 turbatos,
574 2442 627 2474 non
638 2423 741 2474 obridm
752 2425 802 2481 ire,
814 2428 933 2494 ultroque

12 2504 120 2571 adgredi
131 2504 246 2566 bostem,
257 2513 357 2553 tantum
370 2516 414 2567 per
424 2501 535 2567 spatium
545 2516 622 2549 cursu
632 2512 659 2550 et
669 2500 806 2565 pugnando
817 2499 912 2552 fessum
923 2524 930 2555 r
997 2532 999 2534 >

14 2578 81 2629 l'orte
93 2580 168 2639 ricti,
181 2576 249 2629 lrnud
258 2575 362 2642 perinde
373 2576 451 2625 rebus
461 2574 589 2641 prosperis
600 2573 693 2622 ducem
709 2572 932 2639 desideraverant,

15 2664 100 2719 etque
113 2656 139 2703 in
154 2652 276 2703 adversis
286 2650 372 2701 deesse
388 2648 577 2714 intelligebant.
595 2646 737 2698 Nutantern
753 2650 834 2697 aciem
851 2650 934 2703 victos·

15 2729 143 2791 equitatus
151 2728 263 2778 incursat
272 2745 278 2774 t
287 2736 313 2775 et
320 2724 463 2792 Vipstanus
472 2724 601 2782 Messalla,
611 2722 741 2781 tribunus,
750 2736 811 2771 eum
821 2725 932 2777 Moesicis

17 2804 183 2853 auxiliaribus
193 2801 353 2867 adsequitur,
365 2816 429 2864 quos
442 2799 538 2847 militiae
547 2798 704 2863 legionariis,
715 2813 857 2862 quanquam
868 2818 930 2867 rap-

17 2879 64 2927 tim
76 2878 182 2937 ductos,
195 2877 336 2941 aequabant.
349 2873 389 2923 lta
402 2874 498 2922 mixtus
512 2872 590 2939 pedes
601 2888 728 2939 equesque
746 2870 835 2939 rupd're
846 2875 929 2941 legio-

16 2968 81 3001 num
98 2967 195 3018 agmen.
212 2951 246 2999 Er
258 2948 401 3016 propinqua
417 2946 627 2996 Cremonensium
639 2948 747 3009 moenia,
763 2947 859 3011 quantd
870 2951 929 3016 plus

6 3028 71 3092 ,spei
82 3024 114 3075 ad
126 3022 259 3089 effugium,
273 3022 400 3071 mInorem
409 3019 441 3071 ad
451 3020 621 3071 resistendum
632 3023 747 3073 animum
757 3019 860 3069 dabant.

50 3098 122 3151 XIX.
133 3100 187 3149 Nec
196 3098 324 3147 Antonius
335 3094 400 3147 uitri
408 3096 516 3155 institit,
526 3112 628 3147 memor
636 3098 731 3145 laboris
738 3110 768 3143 ac
776 3096 925 3163 vulnerum,

19 3176 109 3240 quibus
116 3188 168 3228 tarn
179 3190 270 3241 anceps
282 3172 361 3241 prelii
374 3170 489 3233 fortuna,
499 3173 615 3237 quamvis
625 3188 745 3238 prospero
755 3170 817 3227 line,
827 3170 941 3233 equites,
974 3192 980 3201 ·

20 3262 143 3319 equosque
157 3250 341 3300 adssieureret.
354 3246 517 3297 Inumbrante
535 3246 638 3311 vesperi
650 3248 795 3295 universum
807 3241 926 3294 Flaviani

20 3324 140 3379 exercitiis
150 3325 230 3378 robur
241 3322 355 3376 advenit.
368 3322 452 3388 thue
463 3320 580 3373 cumules
589 3335 665 3385 super
672 3354 682 3386 ‚
696 3329 722 3367 et
737 3314 926 3437 picentiscaede
