2100 3709
353 18 530 61 turturum
548 25 613 62 svn.
630 23 677 62 rr.
922 21 971 86 loy

65 100 128 151 tione
139 101 187 151 teli
201 117 279 170 snper
289 101 353 154 allos
367 105 512 167 ertuliaaet,
525 105 555 157 c.
572 93 749 169 Proculeium,
765 100 790 156 et
805 105 927 173 quondum
942 113 970 160 iu

64 177 220 226 sermonibus
233 176 335 239 babuit,
348 179 440 241 insigni
454 179 638 243 tranquillitate
654 179 727 236 vite,
741 180 816 230 nullis
826 181 972 247 reipublice

61 252 165 314 negotiis
176 253 329 319 permixtos.
343 253 393 300 Sed
402 253 423 301 si
432 253 591 303 dubitatione
600 253 709 317 Atrgusti
719 269 864 314 movemur,
875 255 971 317 quuntb

60 325 163 374 validius
181 337 239 385 est,
254 326 323 392 quod
343 326 381 375 tt.
400 325 534 392 Agrippa,
553 343 614 376 mon
628 327 694 376 milii
713 326 866 378 collocavit?
885 331 970 395 Atque

59 411 100 460 ego
111 397 181 458 hac,
197 417 247 466 pro
260 400 387 458 amitii,
402 417 454 449 non
467 401 597 450 occultavi
610 421 615 450 :
629 400 744 452 ceterum
756 415 838 465 neque
847 403 907 461 tuis,
921 420 970 452 ne-

57 487 101 534 que
111 471 192 523 Livite
205 475 338 525 destinatis
351 475 513 525 adversabor.
526 478 584 540 lpse
595 476 655 542 quid
666 477 733 526 intru
743 477 856 526 animuin
869 476 971 528 volutos

60 545 152 602 renim,
163 547 260 610 quibus
272 546 354 597 adhue
364 549 593 598 necessitudinibue
602 549 743 598 immiscere
756 561 782 598 te
796 547 862 596 mihi
873 563 970 614 parem,

60 618 174 667 omittam
187 620 222 667 ad
238 638 344 685 presens
358 620 453 670 referre
467 623 512 672 :id
522 621 621 672 tuntirm
632 623 744 688 aperiam
754 657 762 682 ,
774 621 840 672 nibil
853 639 906 672 esse
919 633 971 673 tam

60 691 205 750 excelsum,
216 694 286 758 quod
294 711 345 742 nou
357 696 464 743 virtutes
473 698 538 752 iste,
547 709 654 762 tuusque
664 699 689 745 in
699 713 741 745 me
749 697 849 745 animus
858 713 972 746 mereun-

62 772 112 823 tur3
121 762 239 831 (letoque
248 779 371 832 tempore,
381 770 453 817 velin
463 783 565 828 senatu,
575 771 613 820 vel
623 772 647 818 in
654 771 776 822 counione
786 787 839 819 uon
848 769 973 818 reticebo.

86 836 156 886 xm.
168 842 286 889 Rursum
295 840 475 904 sititianum
483 845 533 907 iem
544 843 576 891 de
584 843 747 892 matrimonio
757 879 763 901 ,
775 842 819 892 scd
831 842 973 891 ultitimu-

60 918 147 968 tuens‚
168 931 184 961 u
194 915 273 962 tacite
284 916 457 980 suspicionum
467 955 473 976 ,
485 920 556 983 vulgi
567 931 715 975 rumorem,
729 916 890 982 ingruentem
905 915 975 964 invi·

62 980 125 1032 diam
135 1003 152 1032 n
172 985 336 1053 deprecetur.
352 989 390 1038 Ac
406 1005 439 1039 ne
454 990 574 1040 adsiduos
587 991 613 1040 in
626 990 732 1039 domum
749 999 828 1038 coetus
845 988 970 1052 eruendo,

59 1056 209 1125 infringeret
221 1065 377 1128 potentium,
387 1077 431 1114 aut
442 1067 611 1132 receptando,
623 1065 769 1116 iacultatem
780 1063 975 1116 criminantibus

61 1131 182 1193 preberet
191 1155 198 1198 3
212 1135 262 1184 bue
269 1138 352 1195 flexit,
363 1148 393 1185 nt
400 1139 533 1187 Tiberium
543 1134 576 1186 ud
586 1141 664 1194 vitam
674 1174 680 1195 ,
689 1137 778 1204 procul
786 1138 867 1186 llomi
877 1173 884 1196 ,
894 1155 976 1188 umor·

63 1203 171 1256 nieloeie
182 1244 188 1263 ,
202 1208 349 1273 degendum
357 1211 509 1276 impelleret.
520 1211 600 1260 Multa
611 1213 706 1277 quippe
717 1210 882 1278 providebat:
896 1212 939 1259 sud
950 1213 976 1260 iu

64 1289 135 1326 mauu
149 1280 239 1329 aditus
254 1284 469 1348 :litterarumque
482 1284 574 1349 magni
592 1301 621 1332 es
638 1296 708 1349 purte
726 1298 752 1332 se
767 1284 891 1332 arbitrum
904 1285 976 1341 iore,

66 1364 138 1412 quum
150 1369 200 1420 per
213 1355 309 1408 milites
319 1369 493 1406 commearent
502 1376 509 1405 :
518 1374 579 1410 mon
591 1359 727 1416 Curarem,
741 1369 859 1420 vergente
870 1358 920 1417 ium
934 1373 976 1404 re-

68 1425 133 1474 necti
139 1462 148 1490 ,
155 1440 312 1492 secretoque
321 1430 374 1478 loni
381 1430 524 1486 mollitum,
535 1428 620 1476 munis
629 1429 729 1493 imperii
738 1427 835 1476 lucillius
844 1432 977 1480 tremissu-

68 1508 120 1544 turn
130 1517 136 1544 ι
147 1512 177 1549 et
189 1500 274 1549 minui
287 1501 336 1550 sibi
346 1502 482 1562 iuvidiam,
494 1502 615 1568 adempte
624 1501 777 1548 salutantum
789 1501 878 1564 turb2l3
892 1502 976 1550 subla-

68 1568 145 1634 tisque
160 1576 300 1631 inanibus,
315 1576 374 1624 veri
392 1577 508 1642 potentii
522 1591 623 1641 ungere.
643 1574 722 1638 Igitur
740 1571 862 1638 puulutiru
877 1575 977 1638 negotia

67 1642 131 1691 urbis
139 1681 146 1703 ‚
155 1649 249 1714 populi
259 1647 394 1708 aduersus,
407 1649 599 1698 multitudinem
611 1646 779 1696 adfluentium
793 1645 918 1709 increpat,
931 1661 976 1692 er-

66 1716 155 1766 tollens
170 1719 290 1768 leudibus
307 1722 438 1784 «quietem
453 1733 479 1770 et
490 1721 654 1770 solitudinem
673 1737 679 1767 :
695 1717 751 1788 quis
767 1716 856 1766 obesse
868 1716 977 1770 raediuu

68 1786 229 1852 offensiones,
246 1809 274 1841 uo
286 1794 410 1860 praecipua
423 1811 510 1845 rernm
520 1796 631 1846 maxime
645 1795 733 1858 agitari
742 1809 807 1842 u.-

97 1864 180 1915 xm.
193 1864 232 1916 Ac
244 1865 308 1917 lorti
318 1867 404 1918 habita
418 1877 467 1934 peu'
475 1869 535 1922 illos
547 1871 601 1920 dies
616 1869 647 1919 de
660 1869 770 1918 Votieno
781 1863 916 1929 Montsno,
929 1883 975 1916 ce-

72 1933 149 1993 lebris
160 1940 255 2002 ingenii
263 1940 331 1999 viru,
342 1942 466 2006 cognitio,
476 1955 637 1994 cunctantem
649 1942 699 2007 jum
707 1941 841 1992 Tiberium
849 1941 975 2006 perpulit,

73 2020 103 2056 ut
119 2012 238 2062 vitandos
249 2013 364 2062 crederet
374 2027 476 2079 patrum
492 2029 586 2080 costus,
603 2021 744 2081 vocesque,
760 2031 814 2079 que
826 2017 977 2081 plerumque

70 2094 132 2132 verte
141 2099 168 2134 et
177 2101 266 2151 graves
276 2087 362 2137 norim
372 2090 551 2154 ingerebantur
563 2111 569 2141 ι
580 2109 639 2142 uum
651 2129 657 2150 ,
667 2091 796 2155 postulato
806 2075 929 2145 Votieno,
940 2089 974 2140 0⁶

69 2161 247 2214 contumeliae
260 2165 289 2212 in
303 2163 439 2216 Coeoarem
452 2165 556 2224 dictum
568 2167 641 2214 testis
652 2163 787 2224 AEmillus,
798 2163 812 2210 ὲ
823 2163 977 2211 militaribus

69 2229 143 2296 viris,
157 2234 219 2283 dum
231 2235 318 2286 studio
326 2237 453 2301 probandi
469 2249 559 2288 cuncte
577 2238 672 2297 refert,
689 2249 731 2299 et,
751 2253 893 2300 quanquam
909 2237 975 2284 iuter

68 2301 254 2372 obstrepentes,
265 2307 356 2374 magud
366 2309 554 2361 adseveratione
564 2312 670 2368 nititur,
680 2308 777 2360 audivit
786 2307 903 2358 Tiberius
912 2325 975 2373 prn-

68 2374 123 2435 bra,
136 2384 195 2444 quis
210 2396 256 2446 per
269 2382 398 2430 oecultum
410 2385 569 2436 lacerebatur
587 2400 592 2430 =
607 2383 721 2444 adeoquo
733 2379 863 2444 perculsus
879 2392 932 2440 est,
945 2392 974 2430 ut

70 2466 95 2499 se
106 2453 146 2504 rel
156 2459 268 2518 rtatim,
279 2455 325 2506 uel
337 2459 366 2506 in
383 2460 540 2525 cognitione
551 2453 732 2522 purgaturum
746 2453 901 2517 clamitaret5
913 2468 975 2516 pre-

70 2523 187 2590 cibusque
202 2529 398 2592 proximorum,
417 2526 565 2576 udulatione
583 2526 717 2588 omnium,
733 2522 795 2588 segre
813 2537 977 2589 componeret

72 2600 188 2649 animum.
200 2602 232 2650 Et
245 2601 371 2653 Votienus
381 2600 486 2667 quidem
499 2599 637 2665 mejestatis
647 2597 728 2663 poeuis
738 2596 851 2648 adfectui
862 2609 907 2646 est.
919 2600 976 2646 Ge·

73 2682 110 2717 tar
118 2673 244 2735 obiectam
254 2674 302 2722 sibi
315 2673 437 2724 udr'e'rsus
445 2691 502 2723 reos
510 2671 703 2724 inclementiam
713 2669 743 2720 eo
753 2668 910 2737 pervicacius
920 2689 978 2722 am-

71 2739 170 2809 plexus,
188 2748 335 2812 Aquiliam,
346 2747 466 2800 adulterii
479 2748 605 2808 delatam,
618 2763 677 2796 curu
688 2747 766 2796 Vurio
778 2745 885 2810 Ligure,
895 2763 976 2809 quau·

72 2831 142 2879 quum
153 2819 280 2870 Lentulus
293 2823 443 2886 Geminum,
455 2823 545 2875 nonnul
559 2822 704 2888 designatus
718 2821 772 2885 lege
789 2818 856 2870 tulit
864 2818 977 2868 damnis·

72 2908 120 2959 tet,
134 2902 223 2950 ciuilio
238 2902 339 2966 punivit
353 2919 360 2950 :
372 2899 546 2966 Apidiumque
558 2902 700 2963 Merulam,
713 2899 787 2970 quid
798 2901 828 2950 in
842 2906 909 2950 actu
923 2900 976 2958 divi

74 2973 195 3042 Augusti
206 2977 429 3041 conjuraverat,
440 2975 498 3025 albo
511 2977 640 3026 seuetorio
651 2975 735 3024 elusit.

100 3045 199 3096 XLlll.
212 3049 311 3098 Audite
321 3048 411 3100 debinc
419 3050 667 3101 lacedemoniorum
677 3061 704 3100 et
712 3047 898 3104 Messeniorum
906 3046 977 3107 loga-

71 3119 149 3170 tiones
158 3156 164 3178 ,
175 3120 268 3184 dejure
275 3123 365 3187 templi
373 3123 454 3173 Dione
460 3123 641 3182 Limenaiidis,
651 3123 781 3186 quodnuir
790 3123 807 3169 ui
815 3117 979 3184 censoribus,

70 3196 171 3263 eurique
182 3199 211 3245 in
221 3197 295 3246 terrei
303 3198 441 3253 dicatum,
450 3196 633 3246 lacedemonii
644 3197 669 3244 fir
675 3195 777 3242 mabnut
786 3189 913 3266 annalium
920 3203 978 3240 mt-

69 3265 169 3332 nor-tt,
185 3280 323 3337 tutumque
336 3269 492 3346 ettm'utibua
501 3287 508 3319 ι
517 3267 589 3346 §.555¹
604 3265 753 3340 Macedouis
767 3260 902 3331 l{hil¹1³l³¹s
920 3273 978 3309 ‘utu
1017 3309 1018 3312 ,
