2100 3709
360 73 538 113 erraticas
561 75 709 116 strunt.
937 79 986 140 179

77 161 132 214 titis
146 157 360 229 propugandis,
378 176 410 208 ax
422 159 479 226 quis
495 163 628 227 catapultae
642 157 796 228 baliisteqie
806 157 983 218 tendereniur.

50 279 55 285 .
75 235 184 300 Reliqua
195 234 265 282 laetis
276 231 398 282 classiarii
409 235 482 284 tectis
492 235 600 283 naribus
610 234 769 291 obtinebant.
778 237 854 303 Ripae
862 249 888 287 et
896 241 984 302 colles,

73 327 104 362 se
113 309 244 358 montium
255 304 324 356 edita
337 308 367 356 in
379 305 487 356 modum
498 307 606 365 theatri,
619 308 756 358 multitudo
769 309 900 368 innumera
911 327 985 364 oom-

72 384 170 452 phsit,
179 379 328 448 proximis&
339 383 500 448 municipiis,
511 394 537 430 et
546 381 589 432 alii
601 383 663 430 urbe
672 398 704 430 ex
716 381 784 449 ipsi,
798 383 896 434 risendi
910 389 984 454 eupi-

75 459 151 516 diue,
163 468 208 506 aut
217 453 302 504 oifioio
314 455 342 504 in
355 456 507 521 principem.
519 456 578 522 lpse
590 458 682 523 insigni
693 456 886 524 paludamento,
904 477 986 526 neque

70 531 166 600 punctu
179 527 320 594 Agrippina
330 527 464 595 chlamyde
477 529 576 588 auram,
584 529 892 597 praesederePugnatum,
903 550 986 598 quan·

73 622 155 674 quam
163 605 231 654 iuter
238 613 325 652 sontes
331 639 339 662 ,
348 601 452 654 sortium
461 606 576 656 virorum
585 609 671 674 animo
682 625 687 656 ι
698 623 726 658 ac
735 619 793 676 pust
804 610 856 658 mul
861 619 915 660 tum
925 610 985 660 rul-

18 681 24 692 ’
72 697 181 737 nerum,
194 677 321 728 occidioni
333 682 446 746 erempti
456 691 526 731 suut.

105 753 192 804 Lvtt.
204 750 254 802 Sed
262 751 375 818 perlecto
386 756 546 819 spectaculo,
560 766 677 822 apertum
685 769 808 823 emtarum
818 758 874 807 iter.
884 755 984 808 lucuria

74 830 161 894 operis
171 824 306 882 manifesta
316 825 380 885 tuta,
395 828 464 877 haud
476 831 537 880 satis
545 831 671 897 depressi,
688 832 721 880 ad
731 829 800 881 iactis
813 832 865 880 ima
874 833 914 880 rel
927 847 986 882 me-

73 901 126 952 dia·
136 901 242 967 quue,
257 914 369 969 tempore
379 903 529 966 interjecto,
541 902 618 972 aitit'ts
629 903 713 955 effossi
728 921 816 972 specus
827 918 869 963 ,et
879 917 985 955 contra-

72 975 166 1028 beardo
173 993 260 1027 rursus
272 976 446 1036 multitudini,
457 979 631 1048 gladiatorum
642 981 813 1048 spectaculum
827 978 925 1036 editur,
939 981 985 1030 in·

25 1052 29 1059 '
74 1050 270 1118 ditispontibut
279 1051 423 1118 pedestrem
436 1052 471 1101 ad
479 1068 602 1120 pugnam.
614 1057 681 1120 Quin
695 1067 720 1104 et
730 1055 876 1106 convivium
884 1054 985 1104 effluvio

72 1126 146 1176 lectis
156 1125 301 1192 appositum
309 1127 400 1192 magnis
410 1127 544 1178 tormidine
556 1127 776 1186 cunctos—adiecit,
790 1129 848 1194 quia
860 1129 897 1176 vit
909 1143 986 1194 aqua·

72 1216 134 1250 rum
145 1201 453 1267 prorumpent,proxisna
465 1201 594 1259 trahebat,
609 1205 736 1253 contraitis
749 1201 927 1258 ulterioribus,
940 1213 985 1251 aut

21 1306 29 1312 -
76 1271 180 1338 fragore
196 1273 316 1322 attonitu
328 1274 465 1322 exterritis.
478 1275 559 1323 Simul
571 1275 722 1341 Agrippina,
739 1275 907 1341 trepidatione
918 1275 986 1340 prin·

74 1347 141 1413 cipis
160 1361 217 1403 usa,
235 1347 382 1396 ministrum
398 1351 484 1413 operis
495 1349 643 1398 Narcissum
656 1351 768 1406 incusat,
781 1347 943 1414 «cupidinis,
955 1364 987 1396 ao

74 1421 216 1490 praedatum
225 1437 257 1469 a:
267 1433 316 1472 uec
326 1421 369 1469 ille
380 1425 487 1481 reticet,
497 1422 694 1488 cimputentiam
706 1423 868 1480 muliebrem,
880 1423 985 1472 nimias·

73 1509 191 1563 qnespes
200 1493 277 1560 einen
290 1510 410 1559 arguent.

4 1604 8 1609 -
33 1575 37 1581 '
107 1571 203 1621 tritt.
219 1571 252 1620 D.
264 1569 353 1630 iunio,
366 1571 398 1632 Q.
411 1571 517 1621 Haterio
528 1587 595 1621 coss.
606 1570 718 1622 sedecim
731 1585 809 1620 annor
822 1579 894 1617 natus
905 1569 987 1629 Nero,

76 1644 213 1694 Octaviam
221 1681 228 1704 ,
239 1643 340 1694 cauria
349 1643 426 1693 liliam
435 1682 441 1702 ‚
451 1647 476 1693 iu
485 1645 677 1694 matrimonium
687 1646 792 1710 accepit.
802 1643 887 1706 thue
896 1641 988 1696 studiis

77 1719 207 1777 honestis,
225 1729 250 1766 et
267 1718 416 1782 eloquentiae
432 1717 512 1783 glorid
530 1717 677 1769 enitesceret
694 1717 767 1768 causi
781 1716 912 1766 iliensium
929 1733 986 1765 sus-

74 1792 166 1859 cepti,
179 1793 341 1844 «Romanum
356 1791 433 1854 'stoji
451 1790 607 1852 demissum,
625 1803 650 1842 et
667 1791 738 1841 italiae
756 1789 840 1856 stirpis
856 1801 986 1838 auctorem

75 1867 183 1917 AEneam
192 1881 217 1921 n,
230 1864 327 1927 aliaque
338 1862 404 1912 baud
415 1865 504 1930 procul
514 1864 607 1914 fabulis
622 1877 706 1914 vetera
717 1861 823 1914 facunde
835 1875 984 1921 exsecutus,

75 1942 200 2005 impetrat
213 1949 260 1986 unt
268 1938 370 2003 ilienses
380 1940 450 1988 omni
461 1939 564 2004 publico
575 1955 679 1990 munere
688 1940 878 1989 solverentur».
889 1937 987 1988 Eodem

76 2027 197 2070 oratore,
210 2015 362 2068 Bononiensi
378 2016 489 2064 Coloniae
500 2016 553 2080 igni
564 2015 657 2066 haustae
667 2017 820 2064 subventum
830 2015 925 2064 centies
935 2029 988 2062 ses-

75 2089 149 2138 tertii
157 2083 306 2152 iargitionss
314 2086 437 2136 Redditur
446 2085 554 2135 Rhodiis
565 2089 677 2145 libertas,
689 2089 807 2154 adempta
815 2088 877 2152 sepi
887 2099 930 2136 aut
939 2087 986 2135 lir-
1048 2083 1049 2086 ’

78 2173 165 2219 mata,
174 2173 251 2227 prout
262 2160 336 2208 bellis
348 2162 458 2208 externis
470 2172 632 2220 meruerant,
644 2173 688 2209 aut
699 2160 769 2209 douai
777 2161 901 2210 seditione
917 2159 986 2209 dcli-

76 2245 196 2300 querant.
210 2232 403 2297 'l'ributumque
415 2233 615 2298 Apamensibus,
637 2245 707 2282 terras
724 2245 797 2282 motu
813 2233 940 2282 convulsis
960 2234 991 2280 in·

75 2308 281 2376 quinquennium
293 2305 437 2354 remissum.
952 2315 968 2324 ·’
986 2316 990 2327 ·

108 2383 181 2434 th.
192 2386 226 2433 tu
235 2383 357 2435 Claudius
365 2383 500 2432 savinum
509 2391 737 2448 quaeque-'promere
748 2381 908 2446 adigebatur,
920 2378 989 2442 ejus·-

78 2461 140 2509 dem
154 2458 298 2525 Agrippinae
307 2456 418 2517 estibus,
427 2471 482 2520 quae
491 2456 619 2504 Statilium
629 2452 741 2503 Taurum
749 2455 839 2520 opibus
850 2453 991 2509 illustrem,

76 2534 162 2583 hortis
172 2533 226 2595 eius
239 2532 339 2581 inhiens
347 2566 354 2588 ,
363 2532 502 2596 pervertit,
516 2541 650 2579 accusante
658 2529 788 2593 Tarquitio
799 2527 895 2576 Prisco.
906 2525 989 2590 bega·-

77 2692 245 2742 revenerant,
259 2695 339 2745 pauca
356 2678 565 2741 repetundarum
580 2679 713 2738 crimino,
731 2673 844 2726 ceterum
862 2678 985 2744 magicas

77 2754 292 2826 superstitiones
304 2751 453 2814 objectabat.
465 2750 519 2798 Nee
534 2751 579 2800 iiie
589 2751 684 2802 diutius
699 2750 790 2801 laisum
802 2761 990 2804 accusatorem,

78 2828 247 2892 indignasque
257 2825 343 2875 sordes
352 2841 496 2892 perpessus,
507 2829 562 2875 rim
575 2829 633 2876 vita
643 2843 691 2874 ssrae
704 2826 805 2886 attulit,
815 2836 872 2872 aute
885 2839 990 2872 eenteu=

79 2905 145 2952 tiam
162 2899 273 2950 senatus.
286 2899 435 2964 Tarquitius
450 2911 535 2948 tamen
554 2899 622 2949 curii
639 2912 741 2950 exactus
752 2911 806 2948 eat:
820 2899 888 2962 quod
904 2910 989 2966 patres

80 2975 144 3024 odio
153 2973 290 3036 delatoris,
307 2987 394 3023 contra
405 2974 531 3024 ambitum
540 2973 683 3043 Agrippiun
694 2975 832 3041 pervicere.

112 3050 172 3099 LX.
188 3047 286 3096 Eodem
305 3065 372 3098 anno
384 3047 474 3116 sepius
487 3049 574 3099 audita
590 3065 640 3100 vox
658 3050 797 3114 principis,
813 3061 922 3112 capacem
938 3045 990 3090 vim

81 3137 169 3172 rerum
187 3121 355 3172 habendami
368 3125 578 3188 procuratoribus·
592 3125 643 3173 suis
658 3123 841 3187 judicatarum,
857 3135 886 3166 ac
897 3119 918 3166 si
936 3119 989 3180 ipsu

80 3198 251 3246 statuissetis:
269 3211 298 3244 ae
312 3212 345 3245 ne
360 3195 468 3246 instuitb
479 3197 613 3261 prolapsus
624 3196 767 3251 rideretur,
779 3192 880 3241 senatus
888 3205 990 3252 quoque

79 3271 199 3319 consulto
209 3277 327 3329 cautum,
339 3269 437 3337 plenius
445 3268 522 3332 quim
533 3268 642 3317 anteiret
654 3265 766 3316 uberius.
777 3266 843 3315 Natta
851 3263 925 3310 dirus
935 3264 992 3311 Au-

81 3358 171 3411 gustus
180 3380 188 3407 ,
206 3345 299 3412 cepud
315 3356 461 3411 equeeues,
476 3343 522 3406 qui
541 3343 650 3406 AEqypto
663 3337 841 3458 praesidereafit,
858 3338 912 3400 tege
933 3337 987 3402 aqi.
