2100 3709
205 113 209 122 Ι
282 64 551 105 'astronianum
574 68 639 105 arn.
663 68 687 107 r.·
901 55 950 123 ὄις

12 146 52 195 lia
67 145 150 195 mord
166 147 305 200 valescere.
324 150 441 213 Denique
457 147 537 198 eundi
552 148 638 203 ultro,
654 148 677 214 si
691 146 756 197 ratio
771 148 818 205 sit,
836 146 952 199 eamdem

15 237 83 271 mox
96 220 274 271 facultatem:
286 226 431 291 regressui,
444 224 464 271 ri
476 223 600 289 poeniteat
610 257 615 275 .
627 223 653 269 in
666 220 747 277 aliendi
764 232 920 285 potestaten.

52 294 197 343 XXXlIl.
213 294 439 345 «Festinandum»
456 295 546 343 ceteris
559 292 703 349 ridebatur,
719 294 872 355 «antequam
883 308 953 343 cret-

16 380 92 417 ceret
108 368 230 417 invalida
244 368 327 434 adhuc
344 368 488 429 coniuratio
498 380 649 433 paucorum.
665 359 862 433 Trepidaturunr
874 367 952 415 etiam

18 441 186 499 Othonem,
203 443 247 505 qui
264 443 351 490 l'urtim
369 441 507 507 digressus,
520 440 551 489 ad
565 440 664 505 ignaros
675 440 779 501 illatus,
792 442 951 489 cunctatione
1011 460 1014 471 ¹

19 531 119 576 nnnc,
137 526 167 563 et
188 515 294 579 segniti}
308 518 443 566 terentium
464 526 580 579 tempus,
593 512 688 561 imitari
707 514 848 581 principem
864 512 952 561 discat.

24 588 91 642 Non
117 586 342 653 exspectandum,
363 600 393 636 ut
412 587 560 652 compositis
573 585 680 642 castris,
695 584 780 635 lurum
794 586 911 646 invadat,
927 597 952 636 et

25 672 223 727 prospectante
236 662 331 719 Galba,
343 662 496 727 Capitolium
509 658 598 707 adeat:
612 656 672 708 dum
683 662 795 725 egregius
806 661 951 725 imperator,

27 750 95 783 cum
109 734 226 783 fortibus
238 736 342 796 amicis,
351 733 424 795 ianul
434 771 441 793 ,
453 750 482 781 ac
494 733 581 782 limine
594 736 668 781 lenus
681 732 786 792 domum
796 732 878 806 cludit
888 772 893 790 ,
905 728 953 792 oh·

26 806 170 855 sidionem
184 806 304 871 nimirhm
315 809 478 857 toleraturus.
488 806 521 856 Et
532 806 680 870 precluum
690 806 715 854 in
727 808 934 855 scrutaminum
945 804 952 855 l

26 881 48 928 si
58 896 210 929 consensus
221 891 295 927 tanta
305 880 476 929 multitudinis
488 889 549 941 Ἀεὶ,
559 894 612 945 qna
624 879 765 945 plurimum
779 879 861 936 salet,
874 881 955 945 prima

27 952 186 1018 indignatio
204 952 377 1017 elanguescat.
395 952 505 1001 Proinde
518 954 600 999 intuta
611 987 618 1008 ,
630 967 685 1014 quas
703 950 838 1001 indecora:
860 952 915 1007 rel,
933 952 956 1003 si

29 1026 131 1073 cadere
146 1040 251 1073 necesse
263 1026 308 1087 sit,
322 1025 508 1074 occurrendum
524 1024 675 1073 discrimini.
691 1024 722 1072 ld
734 1024 831 1076 Othoni
842 1024 953 1073 invidio·

30 1101 105 1161 sius,
121 1110 151 1147 et
165 1099 225 1163 ipsis
237 1098 405 1146 honestum».
415 1098 610 1162 Repugnantem
625 1096 821 1147 hnicseutentiae
832 1098 952 1155 Vinium,

30 1173 108 1220 Laco
116 1171 255 1219 minaciter
265 1171 373 1240 invasit,
383 1170 530 1219 stimulante
540 1171 607 1218 Icelo
617 1205 624 1228 ,
637 1170 733 1236 privati
742 1170 793 1219 odii
804 1169 955 1237 pertinacid,
1007 1214 1009 1219 .
1043 1198 1045 1201 ·

34 1248 62 1294 in
75 1245 215 1309 publicum
230 1245 350 1293 exitium.

68 1316 208 1365 XXXIV.
218 1318 271 1365 Nec
280 1317 379 1363 diutins
391 1316 470 1365 Galba
483 1326 616 1363 cunctatus
625 1314 778 1383 speciosiora
792 1314 958 1364 suadentibus

38 1390 162 1438 accessit.
177 1389 322 1451 Promissus
335 1401 419 1436 tamen
435 1389 461 1436 in
478 1400 558 1436 castra
571 1388 639 1447 Piso,
654 1400 681 1436 ut
693 1390 789 1451 invenis
804 1404 894 1453 magno
906 1404 955 1435 no·

38 1463 129 1521 mine,
144 1462 242 1510 recenti
259 1456 357 1520 laiore,
373 1473 399 1509 et
417 1460 530 1509 infensus
542 1462 573 1511 Τ.
589 1460 664 1510 Vinio
676 1478 683 1526 3
697 1477 739 1509 seu
753 1462 811 1525 quia
828 1472 893 1517 crat,
912 1476 956 1507 seu

35 1537 100 1598 'rprria
122 1536 185 1584 irati
204 1537 238 1584 ita
258 1535 395 1584 volebant:
409 1547 433 1584 et
452 1533 552 1585 laciliirs
571 1536 602 1584 de
619 1534 679 1583 odio
696 1534 816 1583 creditur.
829 1534 880 1580 Vir
895 1532 971 1603 dum,

42 1610 264 1673 egressq¹Pisone‚
277 1610 413 1668 «occisum
424 1611 449 1657 in
461 1611 549 1659 castris
564 1608 693 1659 Othonem
702 1624 817 1675 npvngns
829 1602 956 1672 primhm,

44 1694 72 1729 ct
85 1682 201 1730 incertus
212 1698 310 1742 rumor,
321 1699 392 1739 mox,
402 1695 431 1731 ut
444 1684 470 1730 in
479 1682 577 1748 magnis
592 1680 738 1735 mendaciis,
753 1678 916 1730 «interfuisse
931 1692 958 1725 sc

44 1753 154 1817 qnidam
170 1766 196 1802 et
207 1754 319 1803 vidisses
333 1754 513 1814 adfirmabant,
530 1754 631 1805 creduli
641 1752 706 1803 lamd
715 1789 722 1813 ,
731 1754 797 1803 inter
808 1752 957 1819 gaudentes,

43 1838 72 1874 et
85 1828 240 1889 incuriosos.
254 1826 333 1877 lllnlti
343 1828 544 1889 arbitrabantur,
558 1829 742 1895 compositum,
755 1838 907 1892 auctumque
916 1842 959 1875 ru·

41 1915 163 1957 morem,
174 1901 259 1949 mixtis
266 1899 316 1965 jam
326 1901 477 1952 Othonianis
485 1936 494 1965 ,
503 1901 546 1967 qui
556 1900 588 1951 ad
600 1900 759 1951 evocandum
770 1898 891 1961 Galbam,
903 1899 958 1949 laeta

47 1972 115 2022 lalsd
129 1974 296 2037 vulgaverint.

83 2047 198 2095 XXXV.
213 2046 280 2095 Tum
293 2044 352 2095 verb
365 2062 416 2093 non
427 2047 537 2111 populus
551 2048 665 2107 tantiirn,
683 2059 708 2096 et
720 2046 836 2113 imperita
847 2042 919 2111 plebs
932 2040 959 2091 in

44 2120 170 2184 plausus,
180 2132 206 2167 et
217 2119 353 2169 immodica
362 2118 445 2166 studia
454 2155 460 2176 ‚
469 2120 514 2167 sed
523 2121 638 2183 equitum
647 2122 760 2185 plerique
769 2129 959 2172 acsenatorurn,

46 2194 137 2258 posito
148 2206 219 2241 metu
230 2192 324 2241 incauti
333 2228 341 2251 ,
351 2190 466 2241 refractis
479 2193 566 2258 palatii
577 2192 687 2253 loribus,
703 2206 775 2239 ruere
790 2190 872 2251 intus,
890 2202 917 2233 ac
932 2202 959 2234 se
1002 2242 1004 2245 ¹

48 2266 138 2315 Galbae
147 2278 285 2328 ostentare,
298 2284 313 2315 (ι
320 2278 467 2336 prareptam
477 2267 527 2315 sibi
538 2267 679 2317 ultionemn
689 2264 834 2330 querentes(
842 2260 960 2327 Ignavis-

49 2346 131 2396 simns
141 2342 263 2404 quisque,
276 2350 315 2398 et,
327 2351 356 2388 ut
368 2355 407 2389 res
419 2342 519 2404 docuit,
533 2342 559 2389 in
569 2342 682 2407 periculo
693 2358 744 2389 nou
753 2354 872 2397 ausurus,
884 2335 960 2385 nimii

49 2414 154 2475 verbis,
167 2414 257 2477 linguar
269 2411 381 2460 seroces:
397 2428 472 2462 nemo
484 2414 562 2476 scire,
574 2426 600 2461 et
613 2429 700 2463 omnes
714 2411 862 2472 adfirmare,
879 2408 960 2456 donec

49 2488 139 2553 inopia
149 2485 211 2541 veri,
220 2497 245 2533 et
254 2501 378 2533 consensu
388 2487 527 2533 errantium
539 2488 630 2548 victus,
642 2497 744 2549 sumpto
757 2482 859 2531 thorace
867 2479 957 2538 Galba,

52 2562 163 2611 irruenti
179 2561 255 2608 turba
263 2595 271 2619 ,
287 2570 368 2623 neque
383 2569 472 2616 aetate,
487 2574 568 2623 neque
579 2574 683 2623 corpore
696 2558 803 2617 sistens,
814 2553 874 2603 selld
889 2553 959 2602 lera-

52 2648 134 2685 retur.
152 2634 248 2683 Obvius
268 2636 294 2681 in
314 2632 408 2699 palatio
422 2631 503 2681 lulius
519 2632 634 2690 Atticus,
648 2632 807 2697 speculator,
825 2638 961 2697 cruentum

53 2710 167 2773 gladium
187 2718 331 2760 ostentans.
346 2703 507 2755 ‹roccisuml
527 2720 552 2754 se
571 2705 721 2755 Othonema
740 2704 911 2753 exclamavit:
933 2713 960 2750 et
1006 2746 1009 2751 .

56 2784 151 2840 Galba,
167 2782 368 2839 «Commilitou,
387 2781 484 2844 inquit,
499 2781 576 2846 rqnis
593 2774 711 2842 instita?
724 2778 914 2845 insigui‘animo
927 2775 960 2823 ad
981 2777 983 2780 ”
1004 2830 1005 2835 ¹

55 2855 228 2905 coercendam¹
240 2856 377 2903 militarem
397 2855 545 2919 licentiam,
565 2848 722 2903 minantibus
735 2853 890 2921 intrepidus,
910 2850 958 2900 ad·

55 2928 144 2981 tershs
154 2928 315 2975 blandientes
327 2928 498 2991 incorruptus.
542 2978 543 2985 ,
821 2968 822 2971 ,
943 2966 960 2981 .,

66 3043 71 3055 ,
90 3000 212 3059 XXXVI.
225 3000 301 3048 Haud
313 2999 395 3048 dubie
406 2998 456 3062 jam
467 3003 493 3048 in
505 2999 593 3049 castris
604 3003 720 3051 oninium
734 3010 844 3065 mentes,
857 3008 958 3047 tantus·

58 3093 106 3140 qne
121 3074 211 3132 ardor,
224 3086 253 3121 nt
267 3075 443 3138 non-contenti
459 3076 558 3139 agmine
572 3087 597 3124 et
610 3076 771 3143 corporibus,
787 3076 812 3122 in
827 3070 958 3135 suggestu,
1000 3102 1002 3107 ·

59 3149 84 3197 in
96 3166 143 3212 qno
157 3147 232 3213 paulh
248 3148 306 3196 ante
317 3154 391 3202 antea
401 3148 488 3195 Galbae
497 3159 579 3197 statua
588 3148 683 3207 luerat,
693 3148 806 3197 medium
816 3146 879 3193 inter
889 3144 959 3209 signa
969 3187 974 3194 .

59 3221 186 3271 Othonem
198 3203 295 3271 vexillis
305 3220 500 3271 circumdarent.
514 3220 565 3269 Nec
577 3220 700 3281 tribunis,
710 3232 753 3269 aut
762 3219 958 3278 centurionibus,

15 3353 19 3358 ⁴
59 3293 166 3347 adeundi
177 3294 264 3346 locus:
277 3296 404 3364 gregarius
415 3294 487 3347 miles
498 3295 587 3351 cereri
594 3294 871 3416 insuperproeppsitos
883 3290 959 3359 iube:

420 3473 423 3476 t
447 3444 451 3482 ι
500 3462 505 3470 ·
