2100 3709
927 35 937 64 Ι

100 98 149 156 426
247 113 256 125 ’
420 107 704 152 coercuerat·

97 196 252 262 Batavique,
264 199 354 262 exigua
371 196 511 246 Galliarum
529 191 628 260 portio,
647 210 711 243 vana
727 191 769 240 illa
782 197 935 244 castrorum
949 193 1027 262 spatia

97 271 254 329 excidimus,
267 274 306 319 vel
317 285 386 338 septa
396 266 460 320 ferro
471 269 584 332 fameque
595 270 750 333 premimus:
764 265 876 330 denique
887 285 976 316 ausos
985 276 1033 317 aul

97 340 213 394 libertas
221 351 354 408 sequetur
371 355 414 394 aut
428 344 488 392 rrctr
506 342 582 390 iidem
602 343 731 389 erimus».
750 339 792 386 διο
804 355 972 400 accensum
986 341 1021 388 sed

31 411 35 416 ⁷
97 418 224 469 molliora
217 418 365 496 referre
358 435 469 482 jussum,
489 415 604 465 dimittit
627 415 688 476 llle,
708 421 737 461 ut
760 413 846 462 irritus
866 413 1021 478 legationis,

100 488 195 548 rediit,
207 503 289 539 cetera
303 491 479 548 dissimulans,
494 507 547 554 qna
558 503 617 538 mos
631 485 746 552 erupere.

130 560 257 612 XXXIII.
269 563 370 623 Civilis,
383 569 452 628 parte
470 563 599 627 copiarum
612 556 726 613 retenti,
737 568 869 605 veteranas
881 555 1020 606 cohortes.

98 646 125 684 et
133 636 202 701 quod
212 636 225 686 ὲ
237 638 369 685 Germanis
379 637 487 685 maximis
497 646 646 702 promptum
656 670 662 690 ,
673 632 798 682 adversus
808 631 946 680 Voculam
959 649 1022 680 exer·

98 710 229 775 citumque
244 711 296 774 ejus
312 711 393 759 mittit
404 731 410 773 ;
424 711 491 758 Julio
505 709 635 763 Maximo,
652 718 677 754 et
688 705 795 755 Claudio
806 705 934 764 Victore,
946 719 1021 754 ‘soro-

101 783 138 832 ris
147 800 196 832 sun
206 785 257 830 lilio
264 820 272 846 ,
281 783 397 832 ducibus.
409 785 521 848 Rapiunt
529 785 554 831 in
567 781 674 830 transitu
687 779 790 828 hiberna
800 781 861 837 alae,
872 779 1019 844 Asciburgii
1036 781 1037 824 ἶ

101 857 166 907 sita:
177 858 289 922 adeoque
297 858 429 923 improvisi
439 871 519 906 castra
527 853 710 916 involavere‚ut
720 872 769 903 non
778 854 884 918 alloqui,
895 871 953 902 non
963 873 1020 920 pan·

102 929 161 979 dere
175 932 254 979 aciem
266 931 365 981 Vocula
383 933 505 997 potnerit.
515 929 657 986 ldsolum,
673 940 702 976 ut
718 928 878 985 intumultu,
900 930 1037 987 monuit,

101 1003 275 1067 «subsignano
288 1005 369 1054 milite
389 1004 473 1053 media
490 1004 634 1052 firmares:
637 1002 737 1050 auxilie
753 1003 846 1078 passim
864 1001 1020 1051 circumfusa

100 1084 169 1122 sunt.
180 1073 399 1143 Equesprorupit,
409 1087 579 1142 exceptusque
591 1075 738 1140 compositis
749 1067 860 1122 hostium
874 1073 1018 1135 ordinibus,

100 1148 279 1211 tergiinsuos
295 1152 380 1199 vertit.
402 1148 489 1198 Caedes
509 1149 582 1209 inde,
601 1163 653 1198 non
669 1149 791 1214 prelium.
811 1147 844 1196 Et
860 1148 1018 1196 Nerviorum

99 1219 233 1283 cobortes,
250 1233 322 1272 metu
335 1241 379 1274 seu
393 1223 513 1293 perfidia,
527 1225 606 1272 latera
620 1234 766 1274 nostrorum
781 1219 921 1272 nudavere.
937 1223 981 1271 Sic
992 1220 1020 1269 ad

100 1293 214 1362 legiones
229 1309 399 1365 perventum:
416 1315 484 1365 quae,
504 1297 604 1347 amissis
616 1296 709 1362 signis,
721 1297 786 1344 iutra
804 1296 904 1344 vallum
924 1309 1019 1345 sterne·

100 1367 211 1434 bantur5
227 1373 439 1464 quumrepentie‚
457 1389 525 1422 novo
544 1371 655 1434 auritio,
672 1367 774 1420 fortuna
788 1385 877 1434 pugnae
895 1381 1037 1419 mutatur.

102 1441 249 1493 Vasconum
265 1446 360 1498 tecta
351 1466 365 1496 a
388 1447 468 1498 Galba
480 1447 616 1508 cohortes,
629 1459 657 1494 ac
669 1455 722 1492 tum
737 1442 838 1490 accita.
854 1441 917 1490 dum
935 1443 1018 1490 castris

102 1519 286 1582 propinquant,
299 1521 386 1571 audito
395 1521 563 1588 praeliantium
571 1519 695 1575 clamore
708 1517 818 1564 intentos
827 1513 1016 1582 bostesatergo

102 1589 241 1662 invadunt,
257 1593 437 1660 latioremque,
458 1593 533 1658 quim
552 1607 599 1657 pro
620 1605 744 1651 numer-,o
761 1599 886 1638 terrorem
901 1587 1015 1644 iaciunt:

105 1662 184 1710 aliis
175 1681 188 1711 ιι
206 1663 337 1724 Noresio,
355 1665 437 1717 aliis
428 1685 442 1714 ιι
454 1665 616 1731 Mogontiaco
634 1665 765 1712 universas
781 1663 866 1730 copias
887 1661 1018 1714 advenisse

107 1735 280 1786 credentibus.
297 1738 323 1787 Is
333 1757 401 1789 error
409 1739 532 1787 Romanis
541 1735 613 1787 addit
623 1737 735 1794 animos,
748 1746 775 1783 et
785 1734 847 1784 dum
856 1737 981 1786 alienis
957 1741 1018 1788 vrri·

105 1809 154 1858 bus
172 1809 317 1876 confidunt,
333 1828 392 1861 suas
410 1813 538 1880 recepere.
557 1810 721 1861 Fortissimus
743 1809 849 1874 quisque
869 1809 885 1858 d
904 1811 1017 1868 Batavis,

107 1895 230 1947 quantum
246 1885 364 1948 peditum
379 1898 449 1950 erat,
469 1884 631 1934 funduntur:
647 1899 723 1948 eques
744 1884 839 1942 evasit,
859 1898 917 1933 cum
940 1887 1016 1952 signis

105 1957 275 2020 captivisque,
294 1973 357 2021 quos
372 1958 454 2022 primi
469 1957 523 2006 acie
537 1957 723 2022 corripuerant.
741 1957 866 2004 Coactum
880 1973 910 2005 co
925 1957 984 2018 die,
994 1961 1016 2009 in

105 2027 219 2094 partibus
231 2029 339 2090 nornis,
353 2029 434 2094 major
446 2045 568 2080 numerus
582 2039 607 2079 et
626 2027 797 2096 imbellione
815 2030 951 2083 Germanis
968 2036 1015 2101 ipss

107 2101 208 2152 robora.

113 2204 117 2209 ‹
136 2175 259 2226 XXXIV.
276 2177 335 2227 Dux
349 2189 455 2242 uterque
466 2215 472 2236 ,
482 2176 539 2245 pari
559 2162 633 2242 culpi
648 2176 755 2226 meritus
771 2175 876 2226 adverso
886 2213 895 2239 ‚
907 2191 1012 2245 prospe-

105 2249 140 2298 ris
152 2249 263 2300 deluere.
274 2251 343 2300 Nam
353 2253 454 2312 Civilis,
470 2254 492 2300 si
500 2249 639 2317 majoribus
654 2250 734 2316 copiis
749 2249 909 2299 instruxisset
919 2253 1012 2312 aciem,

104 2324 256 2374 “circumiriir
268 2337 320 2375 tam
337 2327 424 2392 paucis
437 2327 586 2376 cohortibus
600 2326 744 2389 nequisset,
755 2323 885 2389 ‘castraque
896 2341 1012 2393 perrupta

105 2397 250 2455 cecidisset.
268 2394 383 2461 Vocula,
407 2416 454 2449 nec
470 2399 608 2449 adrentum
630 2397 743 2448 bostium
761 2397 917 2462 exploravit,
936 2401 1012 2465 eoque
1036 2425 1037 2468 p

107 2469 183 2518 simul
196 2487 324 2536 egressus,
337 2475 490 2559 rictusque:
511 2472 571 2522 dein
585 2472 695 2524 victorie
704 2487 797 2556 parrum¹
809 2472 933 2536 confisus,
949 2475 1012 2523 tritis
1036 2473 1037 2508 t

106 2540 199 2593 frustra
209 2544 314 2606 diebus
327 2559 408 2596 castra
419 2564 445 2596 ιιι
457 2546 558 2597 hostem
575 2547 673 2595 movit:
685 2561 760 2608 quem
774 2544 797 2594 si
819 2546 905 2594 statim
922 2510 1012 2613 impel-

104 2614 158 2663 lere
163 2634 335 2684 ,cursumque
344 2637 429 2670 rerum
439 2622 508 2692 sequi
519 2629 684 2684 matur5asset
692 2619 788 2666 solvere
798 2617 924 2666 obsidium
933 2621 1012 2686 legio-

105 2703 168 2736 num
176 2690 284 2738 eodem‘
277 2702 374 2759 impetu
383 2693 475 2758 potuit.
483 2691 651 2742 Tentaverat
645 2691 748 2739 interim
760 2691 846 2739 Civilis
854 2690 1010 2742 obsessorum

107 2762 218 2823 animos,
229 2777 348 2829 tanquam
358 2767 460 2832 perdite
470 2766 538 2832 apud
549 2768 675 2816 Romanos
684 2781 737 2828 res,
748 2775 774 2813 et
782 2765 833 2812 suis
841 2767 944 2816 victoria
953 2785 1010 2834 pro·

105 2835 224 2886 venisset.
237 2836 513 2890 circumferebantur
495 2857 564 2905 signa
572 2841 726 2904 vexillaque
730 2802 1010 2908 'ostentatietiamcsp

105 2908 173 2956 tiri:
185 2911 318 2972 exquibus
331 2929 411 2973 unus,
427 2915 556 2979 egregium
575 2911 671 2962 fucinus
682 2927 772 2972 ausus,
786 2911 852 2960 clari
867 2929 929 2963 voce
941 2927 1008 2980 gesta

13 3026 23 3040 g
106 2973 241 3046 patefecit,
252 2984 384 3034 confossus
400 2988 453 3035 illic
467 2987 651 3036 iGermanis:
666 2983 734 3034 unde
748 2985 826 3049 major
844 2985 920 3035 iudici
938 2989 1008 3039 fides.

106 3054 187 3102 Simul
202 3057 341 3106 vastatione
352 3057 523 3122 incendiisque
541 3059 701 3124 flagrantium
715 3059 846 3119 villarum,
859 3061 941 3108 venire
954 3064 1009 3110 vic-

106 3136 189 3178 torem
199 3129 337 3178 exercitum
350 3130 547 3196 intelligebatur.
562 3131 613 3180 nin
624 3143 762 3196 conspectu
771 3137 907 3180 castrorum
916 3137 1012 3184 consti-

107 3202 145 3250 tui
157 3203 242 3268 signa,
252 3204 394 3270 fossamque
403 3216 429 3253 et
440 3205 535 3254 vallum
550 3204 721 3254 circumdaris
735 3205 835 3262 Vocula
842 3204 918 3270 jubet.
935 3207 1006 3257 uDe-

108 3276 196 3338 positis
213 3277 400 3345 impedimentis
419 3279 584 3342 sarcinisque,
599 3277 710 3344 expediti
728 3291 855 3330 certarent
863 3295 887 3328 ιι.
902 3277 965 3330 Hinc
982 3283 1007 3331 iu

108 3347 306 3406 ducemclsmor
316 3367 427 3421 pugnam
444 3354 620 3422 poscentium:
640 3355 768 3408 et-minari
785 3355 956 3409 adsueverant.
972 3357 1009 3408 Ns
1036 3403 1037 3410 ,
