2100 3709
110 44 144 97 44
431 51 699 93 c.corr.rsc1rs
768 38 797 67 -’

112 152 152 188 sos
164 137 196 187 ab
208 134 376 187 interioribus
386 133 539 187 reddidere:
550 136 654 199 qnidam
665 137 693 185 in
703 132 845 187 britaniam
855 140 927 207 rapti
937 178 951 200 ‚
975 152 1023 191 et

113 215 186 265 missi
205 214 219 263 b
238 214 341 279 regulis.
362 212 397 259 Ut
416 216 472 277 quis
491 228 521 261 ex
542 214 682 277 longinquo
700 227 870 279 revenerunt,
891 222 1043 273 miracu

113 290 259 342 narrabant.
270 287 342 337 urim
353 286 495 335 turbinum.
509 296 535 334 et
545 286 672 335 inauditas
680 287 807 347 volucres,
817 302 935 341 monstra
951 310 1039 343 mar

114 364 244 428 ambiguus
257 361 390 411 bominum
411 372 437 409 et
450 361 595 411 belluarum
608 360 703 412 formas
713 378 729 409 u
741 378 748 409 ε
762 363 831 426 risu,
848 366 903 414 sive
913 384 954 417 ex
982 384 1044 417 me

114 437 219 487 credita.
867 494 871 501 ¹

146 515 232 565 XXV.
242 512 290 561 Sed
301 511 366 561 lama
376 512 463 562 classis
472 512 583 576 amisse,
592 521 623 560 nt
632 512 774 562 Germanos
779 507 816 561 'ad
825 529 897 578 spem
908 513 993 565 belli
1005 555 1017 576 ,
1032 520 1044 565 i

114 590 236 638 Cererem
244 586 277 635 ad
288 587 455 637 co'e'rcendum
463 588 591 637 erestec.
599 585 660 634 sitio
670 602 728 635 cum
735 587 838 650 triginta
847 586 981 651 peditum
991 627 999 645 ‚
1020 603 1034 639 t

114 664 164 713 bus
175 664 290 727 equitum
300 661 413 711 millibus
421 664 457 711 ire
465 663 491 711 iu
501 662 588 711 cattos
597 662 706 727 imperat
719 679 725 708 :
738 661 792 727 ipse
801 660 947 725 majoribus
959 668 1043 731 copi

114 737 211 787 Marsos
223 736 359 802 irrumpit:
370 735 544 800 quorum'dus
556 734 725 783 Malevendus
736 750 818 800 nuper
834 736 860 782 in
873 734 1037 790 deditione
1048 776 1049 779 ,

114 809 251 875 acceptus,
264 812 429 876 «propinquo
443 812 504 859 luco
522 808 649 859 desonam
663 809 779 858 Varianae
795 808 904 874 legionis
922 813 1036 877 aquila

114 883 216 933 modico
235 885 351 950 presidio
370 885 607 935 servariuindicst.
624 884 701 933 lllisss
716 886 845 949 extemplo
858 899 973 942 manus,
997 904 1044 951 qu

114 954 214 1024 bostem
226 957 336 1009 bfroute
348 962 468 1024 elicerst3
485 960 529 1009 elii
537 962 586 1021 qui
602 969 671 1022 terga
684 957 860 1021 circumgressi
871 956 1045 1005 recludere·

42 1090 45 1097 r
115 1030 224 1081 humum
238 1051 244 1081 :
258 1043 285 1082 et
299 1040 413 1097 utrisque
423 1035 505 1083 adluit
520 1035 622 1082 lortuua
635 1050 641 1080 ε
656 1032 687 1080 eb
699 1023 844 1097 promptior
855 1034 945 1080 cesar
957 1034 1048 1099 pergi

115 1108 258 1169 introrsus,
272 1111 418 1174 populatur,
429 1108 554 1159 exscindit
565 1126 617 1157 non
627 1124 716 1156 ausum
725 1105 844 1170 congredi
856 1103 967 1154 hostem
979 1126 991 1173 5
1008 1126 1048 1155 ass

115 1182 197 1231 sicubi
208 1182 348 1237 restiterat,
363 1182 448 1230 statim
460 1182 579 1246 pulsum,
592 1196 639 1228 nec
651 1195 765 1243 unquam
778 1179 874 1242 magis,
891 1191 920 1227 nt
932 1196 970 1229 ex
982 1197 1044 1247 cap

116 1258 176 1307 tisis
186 1262 317 1324 cognitum
326 1271 378 1324 eat,
390 1271 535 1325 paventem.
547 1257 649 1323 Quippe
661 1256 791 1305 «invictos
804 1266 830 1302 et
841 1256 921 1305 nullis
935 1259 1043 1306 casihu

116 1334 270 1396 superabiles
282 1334 412 1384 Romanos
420 1331 628 1399 praedicabunt,
637 1336 696 1397 qui,
711 1330 811 1398 perditl
823 1332 917 1386 classe,
936 1333 1044 1381 amissi

117 1406 213 1469 sirmis,
250 1423 290 1459 ost
302 1422 431 1460 constrata
445 1426 569 1476 equorum
579 1406 749 1472 virorumque
760 1405 911 1471 corporibus
927 1405 1034 1455 littora

118 1480 207 1533 eldam
224 1426 329 1549 drtute,
342 1488 397 1552 pari
409 1486 511 1544 ferocia,
525 1497 551 1533 et
563 1484 643 1542 veluti
655 1480 722 1525 siicsi
733 1496 842 1527 numero
852 1481 1027 1545 irrupissent.
1043 1506 1048 1524 ›

149 1556 252 1609 XXVI.
265 1560 396 1607 Reductus
407 1558 465 1603 inde
477 1558 502 1599 in
514 1554 620 1622 hiberna
633 1550 706 1595 miles
719 1549 791 1597 laetu‘s
802 1553 896 1609 animi,
907 1553 985 1617 qubd
997 1553 1038 1600 ad

118 1643 190 1677 versa
209 1630 288 1675 maris
304 1626 466 1692 expeditione
481 1621 603 1689 prosperd
617 1622 792 1687 pensavisset:
811 1623 911 1675 addidit
930 1626 1034 1676 m‘unifl

59 1746 64 1752 ,
118 1697 227 1745 sentiam
242 1698 337 1757 Cassr,
354 1694 530 1760 quantumque
544 1694 771 1767 damnipsofesssss
782 1708 851 1754 erat,
866 1698 1037 1748 exsolvendo

118 1766 173 1819 blec
185 1766 291 1817 dubium
306 1768 446 1817 habebatur
456 1768 541 1817 labare
552 1764 652 1829 besses,
667 1768 831 1835 petendaeque
843 1772 913 1835 pacis
925 1772 1048 1825 consilia

116 1856 236 1904 sumere,
252 1854 279 1891 et
292 1842 313 1890 sl
326 1842 443 1907 proxima
460 1852 532 1890 restas
547 1840 711 1903 adimeretur,
724 1851 797 1909 posse
808 1843 906 1893 bellum
919 1853 1045 1911 patrari:

60 1930 62 1936 ’
120 1913 164 1963 sed
179 1914 274 1963 crebris
293 1915 407 1981 epistolis
424 1916 544 1965 Tiberius
560 1916 698 1973 mouebat,
718 1915 837 1965 «rediret
852 1916 883 1965 sd
900 1918 1046 1974 decretum

125 1988 284 2053 triumphum
298 2006 305 2035 ε
317 1988 378 2038 setis
391 1988 440 2057 jam
450 2001 601 2055 eventuum,
613 1990 674 2038 satis
688 2006 792 2058 casuum
806 2009 812 2039 :
824 2007 946 2057 prospera
959 1996 1004 2045 illi
1017 2010 1046 2047 et

120 2076 211 2122 magns
227 2065 285 2129 prael
296 2080 310 2111 e
321 2081 328 2111 τ
343 2080 433 2132 eorum
444 2078 545 2129 quoque
557 2065 728 2119 meminisset.
738 2080 792 2127 quae
807 2066 877 2112 venti
886 2076 912 2112 et
921 2067 1024 2118 fluctus
1035 2106 1042 2127 ,

83 2150 85 2155 ’
121 2133 192 2183 nulls
204 2135 276 2185 ducis
290 2136 363 2203 culpl
373 2174 380 2194 ,
392 2139 478 2203 graula
495 2149 582 2187 tumen
598 2150 625 2186 et
642 2154 706 2187 seva
723 2138 815 2187 damna
827 2139 976 2187 intulissent
991 2161 998 2190 :
1014 2161 1043 2192 se

122 2211 210 2259 novies
227 2208 242 2259 b
260 2210 319 2261 divo
334 2209 452 2277 Augusto
470 2214 497 2261 in
516 2212 682 2279 Germaniam
698 2214 822 2275 missum,
840 2213 912 2279 plura
924 2217 1042 2264 consilio

121 2279 198 2344 quiam
211 2283 236 2330 vi
250 2282 383 2350 perfecisse
397 2302 403 2332 t
422 2286 458 2334 sic
476 2284 632 2348 Sugambros
643 2286 670 2334 in
681 2284 837 2334 deditionem
849 2299 964 2350 acceptos
980 2306 988 2335 ε
1004 2292 1043 2339 sic

121 2356 232 2417 Suevos,
243 2373 377 2424 regemque
386 2358 573 2410 Maroboduum
586 2375 649 2425 pace
661 2361 813 2409 obstrictum
825 2378 831 2407 ε
844 2373 917 2425 posse
929 2372 955 2409 et
964 2361 1040 2411 Che-

58 2494 61 2501 ·
121 2444 225 2493 ruscea,
242 2442 387 2496 ceterasque
405 2434 540 2491 rebellium
558 2442 663 2498 gentes,
680 2433 782 2497 quando
802 2436 922 2481 Romanae
939 2434 1039 2485 ultioni

94 2518 99 2529 ·
121 2505 265 2553 consultum
276 2516 355 2563 esset,
368 2508 474 2557 intersis
487 2507 622 2555 discordiis
635 2508 744 2569 relinqui
754 2525 778 2554 n.
793 2504 915 2554 Precante
927 2504 1038 2577 §erma-

70 2579 74 2585 '
121 2580 179 2627 nico
190 2596 284 2627 annum
297 2580 434 2627 efficiendis
444 2580 533 2644 soeptis
545 2578 628 2628 scrisis
640 2579 792 2629 modestiam
803 2576 856 2639 ejus
871 2576 1035 2646 adgreditur,

123 2651 232 2697 alterum
243 2652 402 2715 consulptum
412 2650 553 2717 offerendo,
562 2653 727 2717 eulusmuuia
736 2664 844 2717 presens
850 2648 931 2697 obiret
942 2670 948 2699 :
959 2655 1037 2708 simul

122 2720 288 2779 adnectebat,
305 2722 349 2771 usi
364 2722 431 2771 foret
449 2722 533 2773 adbuc
549 2725 714 2781 bellandum,
730 2723 884 2785 relinqueret
900 2731 1035 2780 materiem

101 2855 103 2857 Ι
122 2792 199 2845 Drusi
208 2795 292 2845 fratris
299 2796 398 2862 glorie,
409 2800 534 2863 quintillo
545 2813 599 2849 tum
608 2802 659 2849 ulio
667 2799 754 2860 hoste,
765 2814 818 2844 nou
828 2798 876 2845 nisi
888 2800 955 2864 apud
965 2801 1034 2855 Ger.

121 2870 220 2921 manias
232 2869 335 2935 adsequi
344 2888 443 2931 nomen
453 2879 669 2946 imperatorium,
680 2884 705 2921 et
715 2872 845 2937 deportare
853 2871 961 2923 lauream
969 2894 1033 2943 pos.

123 2955 162 2992 set
171 2960 195 2991 u.
211 2943 285 2991 Haud
297 2958 429 2996 cunctatus
444 2961 483 2997 est
494 2948 563 2998 ultrd
578 2947 746 3005 Germasricus
758 2960 902 3009 quanquam
918 2948 974 3016 fingi
985 2969 1016 3003 ea
1023 2994 1030 3017 ,

41 3082 43 3087 ,
123 3031 200 3079 seque
212 3032 257 3081 per
268 3017 390 3069 insidiam
402 3032 475 3086 parto
488 3015 539 3085 jam
551 3021 636 3071 decori
652 3020 750 3069 abtrabi
762 3020 920 3085 intelligeret.

156 3088 267 3153 XXlssll.
280 3090 332 3140 Sub
344 3093 410 3143 idem
421 3106 521 3161 tempus
533 3096 547 3144 b
559 3094 654 3144 familisl
665 3094 851 3144 scriboniomm
861 3096 924 3143 Libo
934 3096 1029 3152 Drusus

125 3161 239 3226 defertur
246 3165 473 3217 moliris-esnovaa.
481 3170 541 3232 Ejus
548 3171 644 3233 negotii
651 3169 761 3228 initium,
768 3168 1028 3229 ordinem,linem,cu.

123 3234 206 3286 ratius
216 3237 336 3289 disseram
346 3259 353 3305 3
364 3243 424 3304 quia
437 3254 492 3289 tum
502 3239 614 3307 primum
623 3253 722 3307 seperta
734 3254 808 3302 sunt,
823 3258 876 3306 quse
885 3255 972 3308 pertus
979 3262 1027 3296 sn.

125 3326 173 3363 ecs
179 3314 360 3381 rempublicam
369 3315 484 3368 eredere.
492 3316 689 3379 FirmiusCetus
696 3330 797 3369 senator
802 3316 1026 3370 esiutimlLibonis
