2100 3709
282 115 517 156 ursuoursnnu
538 116 608 156 ars.
629 119 667 156 ιι.
877 115 927 168 355

13 199 108 252 uicum
120 195 274 286 appellarit,
289 199 416 265 cinxitque
430 198 531 249 cunctis
545 199 652 257 fortuna
663 199 828 270 principalis
821 207 931 273 insigni-

13 275 76 326 bus:
82 276 179 323 nimina
188 273 283 322 honos'
278 284 344 321 inter
353 272 462 322 secunda
471 274 549 325 rebus
558 274 686 326 adversis
680 295 705 325 sn
716 278 835 328 solatium
843 285 928 334 cessit

42 345 105 397 LX.
116 348 185 398 Tum
197 345 325 396 interfecti
336 347 496 395 centuriones
506 349 694 418 promptissimi
703 349 927 408 Othonianorum:

13 420 213 486 undhpraecipua
223 421 249 469 in
256 419 391 470 Vitellium
398 420 517 470 alienatio
527 437 571 487 per
579 412 696 488 Illyricos
703 427 839 476 exercitus.
846 428 929 478 Simul

13 507 101 546 reterre
109 495 223 560 legiones
233 507 363 553 contactu,
379 506 405 544 et
416 492 709 547 adsersusGermaaicos
716 499 811 550 milites
820 500 927 553 invidia,

13 571 111 620 bellum
125 567 323 618 meditabantun
335 569 486 618 Suetonium
505 561 661 630 Paullihusa,
673 588 703 620 ao
720 571 848 622 Licinium
860 576 928 626 Pro-

13 643 110 708 :utu-m,
119 643 185 692 tristi
194 641 266 692 mori
275 641 403 707 squalidos
415 645 510 706 tenuit,
521 643 601 694 donec
609 645 703 705 auditi,
714 648 861 706 necessariis
870 667 929 700 ms·
940 695 944 701 ,

13 717 46 783 gia
65 709 269 775 defensionibus,
281 714 358 782 qu'arn
372 715 500 779 honestis,
512 729 654 768 uterentur.
667 717 842 771 Proditionem
855 725 925 774 ultro
965 738 970 752 ⁸

13 791 187 858 mputsbant·
201 793 332 858 «spatium
343 791 413 858 longi
423 803 481 841 onte
495 792 610 858 prelium
623 791 723 842 itineris
729 793 925 862 ,fatigationem

13 864 226 924 >themanorum
236 867 389 930 permixtum
399 863 523 914 vehiculis
531 881 631 930 agmen,
640 882 670 915 ac
677 867 798 932 pleraque
808 869 926 934 fortuita,

13 936 96 988 tandi
106 953 154 986 suar
160 953 174 984 ιι
184 935 359 1000 adsignantes.
368 948 395 986 et
403 937 523 989 Vitellius
533 938 642 988 credidit
649 939 681 988 de
690 940 804 1006 perhdii,
812 955 840 992 et
847 944 924 997 fidem

13 1011 129 1064 rbsolrit
134 1003 365 1066 SalviuaTitianus,
376 1008 485 1058 Othonia
494 1009 582 1068 irater
592 1012 692 1062 nullutn
700 1013 921 1080 discrimeasdiit,

13 1089 103 1152 pietate
114 1095 141 1134 et
155 1083 253 1150 ignatii
269 1083 511 1132 excusatissimus
529 1085 605 1134 Celso
622 1087 770 1138 consulatus
786 1104 920 1145 emuntur:

13 1161 50 1210 ed
63 1155 194 1209 creditum
202 1157 267 1206 lami
273 1157 468 1221 ,objectumque
478 1173 538 1206 mox
549 1158 576 1206 iu
586 1171 675 1208 senstu
685 1161 784 1210 Caecilio
793 1164 921 1232 Simplici,

13 1231 176 1299 rquddeum
190 1232 314 1282 honorem
323 1229 431 1298 pecuniis
444 1229 565 1287 mercari,
578 1247 626 1278 neo
638 1233 922 1288 sineexitiocelsivo·
941 1236 943 1239 ’

13 1311 133 1358 uissetu:
139 1309 243 1358 restitit
247 1306 382 1365 Vitellius,
391 1304 511 1372 deditque
520 1302 608 1372 portel
621 1307 780 1356 consulatum
789 1311 921 1378 Simplici,

13 1385 334 1468 anoxiumetinernptnm.
344 1380 498 1430 Trachalum
508 1378 799 1432 advorsuscrsrmnantes
808 1385 922 1454 Galeris,
998 1437 1002 1440 .

13 1476 68 1510 sxor
81 1457 199 1516 Vitellii,
211 1457 333 1524 protexit.

31 1532 105 1583 LXI.
121 1532 192 1580 luter
204 1545 356 1596 magnorum
369 1528 486 1578 virorum
493 1527 640 1578 discrimine
656 1526 818 1596 (pudendum
835 1528 922 1602 dictu)

13 1603 263 1671 llarioousquitlam,
278 1604 291 1652 ὲ
306 1603 378 1670 plebe
398 1601 535 1662 Boiorum,
555 1605 665 1658 inserere
682 1617 737 1652 sese
754 1602 874 1667 lortunae,
893 1611 922 1658 et
1008 1643 1010 1645 -

13 1695 144 1732 trorooare
155 1695 225 1730 armo
239 1679 366 1737 Romana,
380 1678 542 1732 simulatione
552 1678 687 1726 numinum
701 1693 777 1726 ausus
788 1690 836 1729 est.
848 1681 921 1729 Jam-

13 1769 51 1820 {ae
63 1765 195 1803 «assertor
206 1754 394 1816 Galliarum,et
402 1750 483 1802 deuon
497 1751 601 1818 (nornen
609 1752 637 1800 id
645 1751 694 1802 ssbt
701 1751 849 1820 indiderat),
859 1771 920 1804 oon·

13 1827 59 1875 itis
66 1839 128 1876 octo
136 1827 248 1876 millibus
257 1825 401 1884 hominnm,
412 1827 543 1890 proximos
552 1825 693 1876 AEduorom
700 1840 782 1892 pagos
787 1822 901 1878 trahebat
910 1849 919 1894 ς

13 1915 84 1963 prum
94 1901 243 1964 gravissimo
255 1901 357 1958 civitas,
369 1897 448 1950 electu
461 1899 609 1962 juventute,
618 1899 747 1964 adjectisit
758 1901 863 1952 Vitellio
874 1919 921 1954 cos

13 1975 132 2032 sortibus,
139 1971 273 2022 fanaticam
282 1969 474 2020 multitudinem
481 1971 590 2031 disiecit.
597 1971 728 2038 Csptusin
734 1978 857 2040 eoprrelio
864 1979 918 2042 his·

13 2047 97 2108 iocus,
108 2063 138 2096 sc
150 2061 211 2095 mos
223 2046 279 2095 ieris
292 2043 405 2106 objectus
414 2043 485 2105 ,qnia
493 2060 545 2090 uon
552 2045 712 2108 laniabatur,
725 2048 848 2096 stolidum
856 2052 917 2099 vul.

13 2137 44 2178 gns
52 2114 449 2172 inviolabilemcredebat,donec
457 2125 587 2178 spectante
596 2117 704 2165 Vitellio
712 2116 859 2167 interiectus
867 2133 916 2173 est.

30 2195 118 2244 LXII.
130 2194 185 2244 Nec
194 2192 261 2243 uitri
272 2194 297 2242 in
308 2188 451 2254 defectores
458 2225 464 2245 ,
477 2200 521 2237 aut
533 2190 601 2238 bons
609 2189 775 2254 cuiusquam,
787 2193 913 2245 scritum.

13 2268 63 2318 lats
78 2267 149 2316 loire
160 2283 266 2325 eorum,
283 2265 327 2330 qui
338 2265 392 2311 acie
408 2261 554 2312 Othoniani
570 2261 733 2322 ceciderunt,
745 2273 897 2317 testamenta
904 2296 913 2328 ι

13 2344 97 2392 oties
108 2339 234 2390 intestatis
246 2356 254 2388 r
266 2335 383 2404 prorsus.
394 2337 415 2384 si
426 2337 529 2384 tuxnrta
540 2347 706 2404 temperaret,
716 2340 849 2388 avaritiam
858 2359 911 2393 nou

13 2417 113 2464 imeres.
132 2414 271 2478 Epulerum
286 2411 352 2462 londa
371 2423 397 2460 et
413 2411 577 2476 inexplebilia
591 2409 673 2460 libido
689 2429 696 2460 ι
710 2428 741 2460 ex
758 2413 825 2474 urbo,
836 2422 912 2479 atque

13 2492 71 2542 talrl
81 2491 238 2540 irritamento
249 2489 311 2553 gulae
320 2488 492 2551 gestabantur,
503 2487 673 2553 strepentibus
681 2487 713 2534 sb
723 2479 832 2552 utroque
843 2490 910 2541 msri

13 2561 908 2644 ιίιιοιὶὶιιιιιιιΙιιιιιιίοοιιιίιίοιιιιιιιιιριιιιιιίιιιιμιίιιοίρειοίιίιιῐιιιιιι

13 2639 177 2688 artabantur'
172 2655 230 2704 ipsse
238 2638 368 2686 civitates:
382 2635 568 2702 degenerabat'
561 2652 575 2682 a
585 2633 670 2683 labore
678 2650 708 2682 sc
717 2633 815 2684 virtute
825 2639 911 2698 miles,

13 2714 158 2764 tsuetudine
171 2713 343 2778 voluptatum,
356 2724 382 2761 et
391 2723 540 2795 contemptu
550 2710 632 2759 ducis
647 2710 806 2760 Promisitr'a
816 2713 908 2764 urbem

13 2786 335 2852 dictum,qnorocabulum
341 2785 441 2855 Augus·
431 2774 583 2836 tidlilcrret
585 2783 908 2852 ,Caesarisnonreciperet,

13 2882 75 2914 uum
91 2863 124 2912 de
144 2875 269 2930 potestate
285 2861 349 2910 nihil
369 2859 522 2909 detraheret.
543 2858 612 2908 Pulsi
630 2857 704 2908 tutin
722 2859 906 2916 mathematici.

16 2936 104 2994 autum
116 2935 212 2994 seroib,
220 2953 272 2986 oue
283 2933 566 3002 equitetllomonilodo
575 2944 600 2981 et
609 2932 884 3007 srenipolluerenturu
897 2953 905 2986 t
952 2997 958 3006 Ι

13 3015 94 3063 tiores
105 3009 133 3058 id
144 3027 172 3094 pt
175 3009 266 3075 incipet
277 3009 398 3075 pessimi,
410 3019 435 3058 et
444 3006 533 3074 saepius
542 3007 580 3067 ri,
591 3008 772 3073 perpulerant:
781 3024 810 3057 sc
814 3004 905 3074 plera·

13 3104 42 3136 ue
58 3083 196 3150 municipia
209 3095 235 3132 et
250 3084 354 3132 colonia
370 3083 552 3132 aemulabantur
558 3081 801 3158 ,corruptissimum
813 3097 904 3146 quem-

13 3179 40 3211 ue
52 3162 255 3211 adolescentium
267 3155 348 3228 pretio
358 3161 463 3208 illicere

27 3237 120 3284 thtt.
134 3234 183 3283 Sed
193 3234 329 3290 Vitellius,
341 3232 452 3282 adventu
461 3229 556 3292 fratris,
567 3240 593 3278 et
601 3227 771 3293 irrepentibus
783 3227 903 3281 domins-t

13 3307 73 3357 ionis
88 3309 232 3374 magistris,
251 3307 381 3384 superbipr·
397 3319 423 3356 et
449 3303 572 3363 atrocior,
590 3312 616 3351 et
638 3300 721 3349 occidi
739 3302 900 3354 Dolabellam

13 3385 80 3445 ussit,
90 3397 166 3448 quera
179 3382 205 3432 in
214 3382 341 3434 coloniam
351 3359 504 3448 'Aquinttem
514 3375 653 3444 sepositum
662 3374 694 3422 ab
701 3373 816 3424 Othone
810 3409 819 3435 ,
829 3387 901 3428 retu

706 3447 769 3510 Qu
