2100 3709
297 61 535 111 ura'roatattnnt
556 78 619 112 ura.
638 76 659 113 r.
881 46 928 124 817

5 148 180 203 Onomastus
191 152 305 214 nuntiat,
320 159 480 221 reexspectari
491 172 550 205 euru
566 156 597 205 ab
611 154 760 211 architecto,
775 164 800 207 et
810 150 931 217 redemp-

6 226 116 275 toribus
127 244 164 275 n:
185 244 237 291 quae
253 230 400 293 significatio
419 232 565 280 coeuntium
580 228 630 293 jam
649 229 775 286 militum,
797 239 822 275 et
838 239 930 293 paratae

6 300 376 369 coniurationia.convenerat.
390 300 476 359 Otho,
489 318 610 351 ocensem
629 298 784 367 digreerdau,
799 300 930 362 requiren-

5 372 101 428 tibus,
115 390 217 437 quum,
233 376 302 423 tremi
313 375 362 423 sibi
372 374 477 439 predia,
492 386 617 435 vetustate
630 376 759 439 suspecti,
772 389 851 437 eoque
862 372 930 437 priris

7 442 202 507 explorandae
215 444 340 505 finxisset,
352 446 455 493 innixus
463 446 572 509 liberto,
585 462 631 513 per
639 443 802 495 Tiberianam
811 444 930 506 domum,
990 504 1006 513 ᾗ

9 517 39 563 iu
53 515 225 575 Velabrum,
236 515 295 563 indie
312 514 345 564 ad
357 514 505 565 Milliarinm
523 534 642 577 aureum,
660 518 707 567 rub
719 516 797 565 adem
814 516 930 577 Saturni,

7 588 111 654 pergit.
128 586 175 636 lbi
193 600 241 637 tres
256 601 282 636 et
296 590 385 653 viginti
405 591 572 656 speculatores
584 590 769 639 consalutatum
782 592 932 660 imperoto-

8 680 81 716 rem,
93 677 127 709 ac
140 662 271 726 paucitate
283 663 447 711 salutautiurn
461 662 599 728 trepidum,
613 674 639 711 et
649 663 714 712 sellae
725 662 869 711 festinanter
882 662 932 709 itu·

6 734 149 797 positum,
165 735 259 783 strictis
270 735 434 795 mucronibus
448 738 561 799 rapiunt.
574 735 693 785 Totidem
707 734 785 785 ferme
800 734 892 783 milites
903 734 930 785 iu

8 803 113 855 itfinere
135 820 315 875 aggregantur,
331 810 378 856 alii
391 808 562 868 ccuaciemid,
580 810 693 875 plerique
712 809 835 859 miraculo
843 829 852 867 ι
874 822 932 874 part

8 881 132 929 clamore
149 892 184 942 et
193 881 294 947 gladiis,
307 898 365 948 pare
383 882 502 948 silentio,
518 882 632 931 animum
645 899 676 931 er
690 895 782 932 eventu
795 883 931 949 sumpturi.

40 952 180 1002 xxvtlr.
194 952 336 1003 Stationem
349 954 375 1001 iu
393 954 484 1003 castri·
503 955 594 1018 agebat
608 954 691 1005 lulius
703 955 828 1005 Martialis
847 956 932 1013 tribu-

9 1041 72 1073 nus.
89 1027 135 1084 Ia,
147 1026 323 1089 magnitudine
337 1024 415 1074 nubiti
432 1025 549 1093 sceleris,
566 1042 597 1074 au
610 1039 730 1093 corrupta
742 1028 819 1077 latiba
834 1040 932 1088 castra,

10 1116 41 1147 ac
48 1138 57 1161 ,
70 1101 94 1147 si
107 1098 200 1149 contri
210 1099 344 1156 tenderet,
355 1098 461 1147 exitium
472 1110 589 1147 metuens
596 1133 603 1155 ,
615 1098 721 1161 prebuit
735 1100 861 1164 plerisque
873 1116 932 1151 tua·

10 1172 150 1235 picIooem
163 1172 333 1219 conscientie.
346 1168 522 1233 Auteposudre
538 1170 616 1216 ceteri
632 1186 731 1233 quoque
746 1173 858 1228 tribuni,
870 1189 932 1221 ceu-

11 1245 202 1308 turioneequc,
212 1245 343 1309 presentia
355 1242 451 1302 dubiis,
463 1254 488 1290 et
498 1241 704 1305 horrendamque
717 1243 816 1293 habitur
832 1246 931 1295 animo·

12 1335 73 1367 rum
88 1319 160 1383 suit,
177 1330 207 1367 ut
217 1320 356 1383 peaaimum
370 1317 468 1367 lacinus
482 1317 605 1367 auderent
617 1318 691 1385 pauci
699 1354 707 1381 ,
724 1319 809 1383 plures
822 1321 931 1379 vellent,
986 1318 989 1324 ’

16 1408 113 1440 omnes
125 1356 285 1456 priteseutur.

46 1462 157 1512 XXIX.
175 1462 305 1536 Ignarus
300 1464 400 1512 interim
419 1464 515 1525 Galba,
530 1474 556 1512 et
572 1465 648 1525 sacris
665 1463 792 1521 iotffentus
811 1450 932 1528 fatigabat

14 1535 179 1600 alienijam'
173 1536 273 1600 imperii
287 1518 368 1585 deos‘:
381 1552 459 1601 quum
471 1535 574 1586 affertur
586 1552 689 1593 rumor,
703 1536 780 1602 trapi
796 1538 822 1585 iu
834 1548 930 1601 castra,

15 1607 146 1659 incertum
158 1625 234 1673 quem
246 1622 408 1672 senatorem,
419 1626 480 1659 mox
489 1608 619 1659 Othonem
629 1626 691 1667 case,
704 1611 747 1675 qui
757 1620 889 1676 raperetur
899 1624 929 1661 n:

6 1681 93 1731 'simul
105 1699 141 1731 ex
151 1682 203 1731 totd
213 1683 288 1743 urbe,
302 1683 444 1747 utquisque
455 1683 546 1731 obrius
557 1680 638 1731 luerat
648 1700 655 1747 ς
665 1682 707 1731 alii
718 1682 880 1733 formidinem
888 1700 932 1733 au.

14 1765 106 1817 genten
122 1754 229 1817 quidam
241 1757 339 1805 minora
352 1771 427 1813 vero,
439 1772 472 1805 ne
489 1766 543 1804 tum
556 1755 661 1821 quidem
678 1756 752 1805 obliti
768 1756 931 1808 adulationis.
943 1814 953 1829 ,
995 1799 997 1807 .

13 1825 99 1892 Igitur
112 1830 317 1879 consultantibus
327 1830 437 1897 placuit,
450 1831 611 1897 operteutari
623 1832 735 1881 animum
744 1831 865 1889 cohortis,
875 1846 930 1896 qun

14 1898 40 1946 iu
53 1902 156 1965 palatio
165 1902 301 1951 stationem
311 1904 412 1967 agebat3
428 1920 474 1953 uec
486 1922 531 1970 per
543 1908 627 1971 ipsum
641 1904 766 1963 Galbam,
781 1907 853 1967 cujus
862 1905 931 1953 iute-

16 1987 59 2035 gra
69 1974 212 2023 auctoritas
219 1975 357 2040 majoribus
366 1978 485 2025 remediis
494 1980 641 2027 serrabatur
648 1995 673 2026 ιι.
685 1976 744 2027 Piso
753 1996 800 2045 pro
809 1976 930 2043 gradibus

17 2046 111 2097 dormis
119 2059 233 2109 vocatos,
242 2051 267 2097 in
276 2049 342 2096 bunc
349 2047 455 2095 modum
463 2048 595 2097 adlocutus
602 2060 651 2097 ert:
660 2050 770 2099 «Sextus
778 2052 830 2099 ‹lie-s
837 2054 928 2116 agitur,
993 2066 996 2071 ·

16 2118 929 2185 commilitones,e'xquo,ignarurlttturi,etsireoptandumhocnomeu,

18 2193 71 2241 aire
87 2194 232 2243 timendum
247 2206 315 2251 erat,
333 2194 413 2241 Cesar
425 2192 537 2241 adscitus
553 2208 609 2243 sum
623 2207 629 2241 t
645 2208 696 2257 quo
713 2192 804 2242 domas
820 2205 931 2254 nostre,

16 2279 61 2315 aut
75 2269 221 2334 reipublice
231 2268 282 2317 fato
290 2302 299 2326 ,
307 2269 335 2315 iu
346 2266 430 2316 vestrl
442 2284 519 2317 maun
532 2266 643 2333 potitum
654 2279 708 2329 ειη
723 2284 774 2317 uon
785 2268 857 2333 quia,
870 2278 928 2317 meo

17 2342 122 2389 nomine
129 2377 136 2400 ,
147 2343 285 2389 tristiorem
293 2356 380 2386 carum
390 2356 508 2405 paveam,
520 2352 550 2387 ut
561 2341 603 2403 qui
614 2338 730 2388 adversar
742 2357 782 2389 res
793 2352 927 2405 expertus,

17 2428 96 2475 quum
111 2414 221 2463 maxine
240 2413 335 2461 discam
346 2448 360 2473 ,⁴
371 2428 404 2461 ne
419 2413 542 2461 secundas
559 2412 661 2476 quidem
676 2412 759 2461 mimis
773 2414 928 2463 discriminis

17 2482 128 2537 babere:
142 2489 221 2553 patris
228 2524 238 2551 ‚
251 2498 276 2534 et
285 2484 387 2535 senariis
396 2519 404 2547 ,
413 2496 439 2532 et
452 2487 532 2549 ipsius
541 2484 640 2549 imperii
652 2485 733 2533 ricem
744 2484 834 2542 dotto,
845 2489 867 2533 ai
878 2504 927 2536 no·

18 2557 58 2607 bis
75 2573 120 2610 aut
135 2560 217 2625 perire
236 2557 318 2607 hodie
329 2573 431 2608 neccsse
448 2569 501 2623 eat,
515 2568 574 2616 aut,
588 2556 657 2621 qudd
670 2574 737 2623 aeque
752 2558 820 2623 apud
832 2558 927 2623 bonor,

19 2635 141 2681 miserum
156 2644 210 2689 ert,
223 2631 349 2681 occidere.
361 2630 484 2681 solatium
496 2631 608 2696 proximi
618 2628 703 2680 muttit
713 2630 881 2695 habebamus,
892 2635 928 2684 iu·

18 2719 153 2754 cruentam
163 2706 262 2765 urbem,
275 2718 301 2754 et
310 2723 350 2754 res
359 2707 412 2755 sine
424 2704 549 2754 discordia
560 2704 701 2754 translatae.
710 2704 841 2758 Provisum
851 2706 927 2777 adop.

20 2778 91 2826 tinne
103 2778 249 2836 videbatur,
263 2790 291 2827 ut
301 2796 332 2826 ue
341 2790 400 2844 post
412 2778 519 2828 Galbam
534 2776 638 2841 quidem
650 2779 717 2827 bello
728 2780 798 2828 locus
810 2790 886 2830 esset.

49 2852 159 2903 XXX.»
170 2850 238 2899 Nihil
250 2852 371 2916 arrogaho
382 2851 447 2899 mibi
457 2851 612 2911 nobilitatis,
625 2862 669 2901 aut
684 2851 829 2901 modestia:
840 2869 923 2919 neque

23 2924 91 2971 euim
102 2925 182 2971 relatu
192 2925 329 2989 virtutum,
339 2926 365 2973 in
374 2926 564 2991 comparatione
574 2924 700 2988 Othonis,
711 2941 775 2992 opus
785 2937 831 2977 est.
843 2927 924 2989 Vitia,

22 2999 114 3061 quibus
128 2999 190 3047 eolis
203 3000 335 3064 gloriatur,
346 3000 460 3049 evertere
471 3002 607 3067 imperinm
614 3036 621 3060 ,
633 3002 709 3051 etiam
724 3018 803 3064 quum¹
814 3003 923 3052 crinitum

20 3069 176 3135 imperatoris
188 3085 280 3137 ageret.
291 3074 421 3137 Habitum
433 3086 458 3124 et
471 3074 584 3131 incessu,
595 3092 626 3123 an
636 3075 681 3123 illo
690 3072 808 3122 muliebri
819 3084 922 3133 ornatu,

21 3157 157 3194 mereretur
166 3146 328 3212 imperium?
343 3146 493 3204 Falluntur,
507 3147 599 3211 quibua
614 3146 716 3195 luxuria
732 3145 815 3211 specie
826 3145 922 3196 libera-

20 3205 118 3265 litatis
112 3220 228 3303 imponit.
242 3220 367 3268 Perdere
360 3232 415 3288 pate
427 3221 505 3280 sciet,
518 3220 611 3267 donare
624 3220 727 3267 uerniet.
746 3219 837 3282 Stupra
854 3237 921 3271 nunc

22 3299 46 3336 et
54 3291 255 3370 comissationes,
267 3303 293 3345 et
306 3292 457 3350 seminarum
469 3302 561 3355 coetae,
578 3291 658 3342 volvit
670 3291 772 3355 auimo:
785 3289 837 3339 hec
847 3292 921 3358 priu-

716 3356 771 3415 05
