2100 3709
403 5 430 43 ὓ.
448 7 544 46 con.
560 5 688 47 rictru

91 108 146 155 quae
159 88 241 139 tristis
253 86 362 138 audiret.
375 86 491 153 Speciem
503 89 587 137 tamen
600 88 696 137 doloris
709 87 794 141 auimo
807 88 946 153 vultuque
968 88 1022 148 pri!

94 178 122 214 se
135 164 209 219 tulit,
223 178 324 211 securus
338 163 387 222 'ram
401 163 467 225 odii,
486 176 512 210 et
528 164 570 226 qui
582 162 680 212 saciliirs
695 161 864 211 dissimularet
877 160 1025 227 gaudium

94 235 170 299 quaint
182 246 288 283 metum.
303 236 368 282 Satis
378 236 524 292 constabat,
541 238 608 285 lecto
625 246 775 285 testamento
789 236 917 301 Agricolae
928 273 940 293 ,
966 244 1024 295 quo

94 308 245 356 coheredem
262 308 363 373 optinue
378 310 451 355 uxori
463 321 491 357 et
503 310 620 373 piissimae
631 310 686 356 tiliae
697 310 872 357 Domitianum
882 305 1023 371 scripsit,

95 382 206 429 laetatum
223 396 297 435 cunr,
311 381 383 427 velut
396 378 492 428 bonore
507 379 650 445 iudicioque
666 398 672 426 :
689 391 740 427 tam
754 396 817 430 caca
836 392 861 427 et
880 389 1022 443 corrupta

94 469 166 501 mena
179 452 286 501 assiduis
299 452 487 500 adulationibus
501 464 570 509 erat,
584 466 613 501 ut
629 454 735 501 nesciret
751 452 845 501 ibono
859 463 941 519 patre
963 466 1023 499 non

93 527 170 575 scribi
180 526 315 583 beredem,
326 524 373 573 nisi
383 526 479 573 malum
489 526 639 591 principem.
707 560 708 563 η

104 605 108 611 “
127 598 223 647 XLlV.
239 596 320 646 Natus
331 597 384 645 er'at
393 597 510 663 Agricola
522 599 583 647 Caio
592 600 692 647 *Caesare
702 594 806 647 tertiirm
815 595 923 645 consule
936 633 948 654 ‚
961 592 1022 641 Idi-

94 673 145 722 bus
158 674 258 721 Juniis:
272 673 379 740 excessit
389 683 460 720 sexto
472 684 497 719 et
508 673 714 738 quinquagesimo
729 689 810 726 anuo,
823 670 929 718 decimo
945 666 1019 717 Kal.

95 746 225 809 Septemb.
239 744 341 810 Collegi
352 744 490 807 Priscoque
501 762 568 793 coss.
582 746 658 809 Quod
672 747 691 793 si
704 744 819 794 habitum
832 758 938 807 quoque
954 740 1020 801 ejus

96 820 194 881 posteri
203 834 306 867 noscere
318 817 412 877 velint,
422 816 553 867 decentior
563 819 638 882 quim
648 820 782 867 sublimior
791 818 839 863 luit
851 834 856 862 :
870 814 939 861 nibil
952 830 1020 861 me-

97 889 138 938 ttis
149 891 174 938 in
187 892 258 938 vultu
270 907 276 937 ε
286 891 364 953 gratia
374 893 424 937 oris
434 900 577 955 supererat:
589 894 684 950 bonum
695 892 778 939 virum
790 888 862 937 tacit'e
874 886 1018 944 crederes,

97 979 218 1027 magnum
228 966 347 1013 libenteri
355 965 447 1029 Etipse
456 966 572 1027 quidem,
584 978 726 1031 quanquam
739 964 822 1013 medio
834 964 860 1009 in
871 962 957 1026 spatio
970 962 1019 1007 in-

93 1047 172 1101 tegre
184 1039 263 1085 aetatis
274 1049 390 1103 ereptus,
403 1053 525 1102 quantum
540 1039 578 1087 ad·
588 1040 709 1105 gloriam,
726 1039 906 1103 longissimum
923 1048 1018 1081 aevum

99 1110 208 1174 peregit.
226 1110 327 1175 Quippe
339 1123 365 1160 et
382 1128 439 1160 vera
454 1114 534 1166 bona.
551 1128 604 1178 que
616 1114 641 1161 in
655 1108 790 1161 virtutibus
802 1110 848 1159 sita
863 1115 941 1157 suut.
957 1108 1018 1153 im·

44 1207 48 1213 ·
83 1187 87 1196 “
99 1183 226 1247 plevcrat,
241 1196 267 1233 et
272 1183 451 1240 >consularibus
461 1204 490 1235 ac
502 1186 700 1252 triumphalibus
712 1184 867 1233 ornamentis
878 1180 998 1247 praedito
1010 1214 1017 1236 ,

100 1254 162 1317 quill
173 1255 242 1304 alind
253 1255 491 1314 adstruerefiortuua
501 1258 623 1325 poterat?
634 1260 733 1325 Opibus
744 1259 832 1305 nimiis
841 1273 892 1303 non
903 1252 1016 1321 gaude·

51 1365 54 1368 .
99 1326 155 1387 bat,
168 1331 284 1394 speciose
295 1333 451 1397 contigerant
464 1351 469 1379 :
482 1333 533 1381 filii
549 1346 622 1399 atque
632 1350 709 1383 uxore
720 1331 909 1397 superstitibus,
922 1336 1016 1392 potest

100 1401 182 1451 rideri
194 1404 270 1452 etiam
279 1406 382 1464 beatus,
395 1408 515 1455 incolumi
527 1406 649 1471 dignitate
658 1446 664 1463 ,
674 1410 779 1457 florente
789 1404 867 1465 lami,
879 1404 960 1451 salvis
971 1398 1013 1449 af—
1041 1386 1042 1453 l

51 1491 58 1501 s
101 1474 278 1526 finitoribuaet
291 1478 422 1533 amicitiis,
439 1478 523 1527 sutura
544 1480 668 1543 ellirgisse.
686 1478 752 1529 Nam
772 1477 847 1529 siculi
866 1476 962 1523 durare
984 1473 1012 1519 5¹¹
1041 1512 1042 1519 κ

102 1548 151 1597 bac
165 1549 304 1603 beatissimi
315 1553 393 1599 seculi
405 1551 477 1603 luce.
488 1554 666 1617 aopi-iucipem
677 1551 814 1613 Traianum
824 1548 909 1597 videre
920 1584 926 1605 ‚
938 1544 1013 1611 quod
1041 1572 1042 1613 4

100 1624 206 1686 augurio
224 1627 338 1685 rotisque
352 1624 419 1688 apud
438 1636 538 1671 nostras
553 1640 626 1671 sures
644 1624 812 1681 ominabatur3
832 1624 867 1670 ita
884 1622 1018 1677 festinast-
1041 1618 1042 1621 ’

102 1695 196 1747 mortis
206 1694 298 1760 grande
309 1697 429 1742 solatium
444 1695 518 1759 tulit,
528 1696 636 1743 erasisse
647 1705 808 1768 postremum
815 1694 881 1741 illud
893 1678 1018 1757 tempri⁵¹
1041 1716 1042 1775 p

101 1782 153 1829 quo
163 1767 323 1815 Domitianus
332 1784 383 1818 non
396 1768 498 1831 iamper
510 1765 639 1813 imo-utta
650 1767 840 1831 respiramenta
849 1770 1012 1832 temporum)
1041 1776 1042 1799 ³

101 1840 147 1890 sed
159 1842 279 1891 continuo
289 1852 315 1887 et
328 1840 396 1887 relut
407 1856 459 1886 uno
469 1840 520 1885 ictu
532 1839 715 1904 rempublicam
726 1839 851 1888 exhaurit.

134 1915 215 1961 XLV.
233 1913 293 1961 Non
303 1911 370 1959 vidit
378 1912 494 1976 Agricola
503 1912 632 1961 obsessam
644 1913 752 1975 curiam,
766 1924 792 1962 et
803 1914 916 1961 clausum
925 1912 1009 1961 armis

103 1997 232 2045 renatum,
242 1997 267 2033 et
283 1984 371 2034 eidem
383 1998 465 2049 strage
478 1988 702 2051 tot‘cnusularium
717 1987 810 2049 cedes,
824 1998 863 2035 tot
874 1987 1009 2034 nobilissi-
1041 2032 1042 2049 ,

102 2073 203 2108 marum
217 2059 366 2115 feminarum
385 2061 473 2107 exsilia
492 2071 518 2108 et
535 2058 614 2125 lngus.
631 2059 689 2111 Una
703 2059 786 2109 adhuc
802 2059 907 2107 victorii
926 2061 1009 2107 Carus
1041 2056 1042 2107 l

102 2129 200 2180 Metius
212 2133 376 2191 censebatur,
387 2144 413 2180 et
423 2134 488 2181 iutra
499 2132 623 2181 Albanrit'n
637 2133 721 2181 villam
734 2134 857 2186 sententia
866 2133 1008 2179 Messallini
1041 2142 1042 2183 ζ

104 2206 241 2269 strepebat,
252 2220 277 2254 et
286 2208 371 2255 Masstr
380 2207 471 2254 Bebius
480 2205 530 2269 ium
542 2217 595 2253 turn
605 2222 662 2255 reus
672 2219 731 2257 erat.
739 2206 802 2255 Mox
814 2216 903 2253 nostre
912 2205 1007 2253 duxere

103 2280 253 2330 Helvidium
267 2282 293 2329 in
307 2297 435 2329 carcerem
450 2296 540 2335 manus
551 2300 556 2327 z
567 2296 613 2328 nos
623 2280 748 2338 Maurici,
762 2278 908 2343 Rusticique
925 2280 994 2327 visus
1001 2312 1008 2334 ‚
1041 2326 1042 2349 ,

104 2369 152 2401 nos
162 2354 291 2402 innocenti
305 2355 427 2419 sanguiue
438 2348 550 2401 ‘Senecio
565 2351 687 2417 perfudit.
704 2352 773 2401 Nero
785 2364 870 2400 tamen
883 2352 1010 2399 subtranit

104 2430 200 2489 oculos,
210 2428 331 2492 jussitque
341 2429 445 2484 scelera,
456 2444 507 2475 non
519 2414 641 2491 spectavit
651 2444 657 2475 ι
670 2432 795 2491 precipua
805 2428 853 2474 sub
862 2426 1008 2473 Domitiano

65 2515 87 2533 ='
104 2502 265 2550 miseriarum
279 2518 337 2567 pars
353 2512 421 2556 erat,
438 2500 525 2546 ridere
540 2510 565 2546 et
582 2498 677 2563 adspici
691 2515 696 2545 :
710 2514 787 2562 quum
802 2498 908 2563 suspiria
920 2508 1007 2545 nostra
1041 2544 1042 2563 ἢ

106 2576 337 2635 subscriberentur3
349 2591 393 2636 qur
404 2590 427 2619 ur
443 2572 594 2631 denotandis
606 2584 645 2619 tot
658 2570 790 2619 hominurn
801 2571 941 2636 palloribus
953 2570 1009 2618 sui·
1041 2570 1042 2611 ἒ

105 2648 197 2701 ficeret
207 2666 284 2697 surus
301 2649 344 2693 ille
357 2658 441 2695 ultus
455 2658 480 2693 et
493 2646 588 2701 rubor}
599 2660 649 2709 quo
666 2660 692 2693 se
705 2656 793 2693 contra
807 2644 933 2709 pudorem
950 2660 1009 2691 mu·
1041 2642 1042 2669 l

105 2722 200 2775 aiebat.
216 2722 255 2772 Tu
269 2712 329 2767 verb
340 2718 415 2773 inlu,
429 2717 561 2781 Agricola,
576 2735 628 2766 non
645 2722 701 2766 vite
712 2718 811 2767 tantiam
823 2719 951 2775 claritate,
965 2716 1007 2765 sed

106 2797 182 2844 etiam
196 2793 386 2858 opportunitate
403 2793 513 2841 mortis:
529 2802 557 2839 ut
568 2792 703 2859 perhibent
714 2794 758 2857 qni
774 2792 944 2857 interfuerunt
959 2806 1007 2839 no-

105 2870 215 2917 vissimis
234 2864 398 2915 sermonibus
409 2868 476 2922 tuis,
490 2861 628 2921 ncoustans
641 2880 666 2915 et
679 2868 759 2915 ldrens
777 2866 856 2915 latum
873 2866 1008 2931 excepisti,

106 2953 227 3004 tanquam
238 2957 284 3003 pro
295 2940 364 2989 virili
378 2939 495 3003 portione
509 2940 679 2988 innocentiam
690 2940 799 3005 principi
810 2939 949 2987 donar-eeu.
961 2937 1007 2985 Sed

84 3014 91 3024 ‘
104 3014 171 3063 mibi
184 3014 304 3075 filiaeqne,
315 3022 405 3076 praeter
415 3010 579 3061 acerbitatem
594 3017 705 3077 parentis
721 3016 816 3076 erepti,
831 3024 905 3076 auget
917 3012 1009 3061 mesn-
1041 3012 1042 3069 l

106 3089 179 3141 tiam,
191 3085 259 3152 qndd
271 3085 385 3134 adsidere
398 3084 546 3144 valetudini,
555 3083 640 3133 lovere
654 3085 821 3147 deiicientem,
834 3086 1008 3137 satiarirultu,
1041 3072 1042 3111 l

107 3163 241 3226 complexu
249 3198 258 3221 ‚
269 3177 322 3209 uon
333 3160 456 3225 contigit:
471 3162 656 3225 excepissemus
665 3160 732 3209 certi
744 3159 862 3209 mandata
871 3174 990 3223 vocesque
1001 3194 1007 3215 ,

108 3249 168 3299 quas
178 3235 279 3301 penitis
290 3235 375 3285 animo
382 3235 525 3303 figeremus.
537 3235 627 3288 Noster
637 3234 678 3286 bio
687 3234 770 3299 dolor,
778 3246 895 3286 nostrum
905 3234 1005 3287 uulnus:
