2100 3709
120 161 167 197 100
431 157 456 195 θ.
478 157 570 195 contt.
595 155 710 196 'rictu

117 235 283 306 capessendas
296 237 466 301 cierImonias,
485 236 617 286 decretum
634 235 775 286 n'Cornellae
790 236 882 302 virgini
890 257 918 298 n,
930 255 983 306 quse
1009 239 1042 291 in

108 315 205 362 docum
220 312 324 359 Scantin
335 310 494 375 capiebatur,
514 307 684 357 «sestertitim
699 311 789 375 vicies3
800 323 828 358 et
838 314 954 376 quotiens
969 315 1037 363 Au-

120 399 191 454 gusta
205 385 331 452 theatrqrn
342 383 484 439 introisset,
494 393 522 430 ut
536 381 606 430 sedes
620 384 685 429 inter
697 383 839 431 Vestalium
851 385 997 436 consideret
1005 405 1036 438 n.

150 461 234 509 XVII.
254 458 371 507 Cornelio
393 454 517 520 Cethego,
537 454 644 505 Visellio
660 455 762 503 Varone
786 457 857 506 Coss.
880 460 1036 522 pontifices,

118 544 254 598 eorumque
272 531 387 596 exemplo
403 531 480 576 ceteri
497 528 652 585 sacerdotes,
668 545 747 598 quum
764 551 814 596 pro
834 533 1034 587 incolumitate

115 611 250 680 principis
260 618 317 653 rota
328 604 497 669 susciperent,
511 600 651 654 Neronem
660 619 761 668 quoque
770 615 796 652 et
805 608 926 658 Drusum
937 608 1036 658 iisdem

118 683 167 730 diis
175 677 395 742 commendnrdre3
406 674 516 724 nontam
528 677 632 724 caritate
640 677 770 738 iuvenum,
780 677 856 741 qnlm
864 679 1016 730 adulatione
1027 699 1034 729 :

118 751 188 818 qui,
202 751 314 800 moribus
326 749 467 814 corruptis,
481 746 586 814 perindb
600 764 706 815 anceps,
724 749 745 797 si
758 751 826 798 nulla
837 789 844 811 ,
857 755 885 801 et
896 753 938 801 ubi
948 755 1033 802 nimis

118 841 167 876 est.
181 828 246 875 Nam
264 826 383 874 Tiberius
402 822 470 872 bend
482 839 593 888 unquam
611 824 699 872 domui
713 825 859 876 Germanici
873 829 941 876 mitis
949 867 957 896 ,
971 841 1034 878 tum

118 899 179 949 verti
194 902 308 964 «equari
319 899 491 948 adnleseentes
500 911 605 948 senectae
617 915 686 949 snaen
697 935 703 959 ,
715 900 877 965 impatienter
895 904 1015 954 indoluit
1027 925 1032 953 :

117 977 259 1040 accitosque
270 976 401 1040 pontifices
411 986 590 1040 percunctatus
599 987 652 1033 est,
665 992 681 1023 (t
690 991 751 1023 uum
763 976 790 1024 id
799 978 917 1041 precibus
929 979 1034 1045 Agrip-

117 1050 197 1115 piuae,
208 1062 251 1097 eut
262 1049 338 1097 minis
349 1047 496 1115 tribuissent
505 1065 532 1096 n.
543 1049 576 1097 Et
586 1048 623 1097 illi
633 1048 751 1112 quidem,
765 1063 908 1116 quanquam
925 1052 1032 1099 abnue-

119 1134 191 1186 rent,
204 1122 303 1171 modiee
318 1123 443 1189 perstricti
456 1122 562 1188 (etenim
573 1139 631 1190 pers
644 1139 733 1188 magns
744 1123 757 1171 e
770 1125 919 1191 propinquis
930 1127 1029 1190 Ipsius,

118 1209 162 1244 sut
174 1198 298 1261 primores
309 1196 418 1245 civitatis
435 1197 531 1262 erant),
551 1187 666 1247 'ceterirm
679 1200 705 1246 in
722 1207 824 1254 senatu,
843 1199 959 1246 cretione
971 1218 1033 1248 rnn-

118 1272 174 1319 nuit
187 1272 368 1336 inposterum,
382 1289 397 1320 n
405 1271 506 1335 nequis
516 1273 625 1320 mobiles
639 1271 838 1321 adolescentium
850 1273 949 1319 animos
963 1289 1033 1337 prte-

118 1344 224 1392 maturis
243 1344 383 1395 bonoribus
398 1343 431 1392 ad
448 1346 592 1410 superbiam
609 1346 741 1394 extolleret
751 1361 779 1395 n.
798 1342 913 1392 Instabat
929 1347 1030 1409 quippe

114 1417 238 1481 Seianus,
249 1417 430 1482 incusabatque
439 1435 455 1466 s
462 1417 747 1478 diduenmnivinrem,
757 1425 787 1465 nt
797 1416 866 1464 cirili
873 1417 943 1465 bello
955 1437 962 1466 :
973 1434 1031 1465 esse

118 1490 200 1556 quise
213 1491 326 1558 partium
342 1492 487 1559 Agrippinas
502 1504 607 1558 rocent3
623 1508 652 1540 sc
663 1493 690 1540 ni
701 1491 846 1547 resistatur,
859 1488 913 1538 fore
925 1490 1010 1554 pluris
1022 1508 1029 1538 :

117 1581 199 1631 neque
209 1566 278 1614 eliud
289 1567 415 1630 gliscentis
425 1565 555 1612 discordie
564 1562 720 1621 remedium,
734 1562 810 1625 qtrlnu
819 1562 841 1611 ti
851 1577 916 1612 unus
928 1565 1029 1614 alterve

117 1637 347 1701 maximiprompti
360 1636 599 1682 subverterentur».
659 1659 663 1666 ι
901 1651 904 1654 ·

148 1708 246 1755 XVIII.
266 1704 325 1764 Qui
339 1701 413 1749 causi
427 1701 455 1749 (1.
472 1701 564 1749 sitium
577 1710 603 1747 et
616 1698 712 1750 Titium
723 1699 844 1753 Sabinum
857 1707 1026 1772 adgreditur:
1046 1765 1047 1770 ,

116 1777 227 1831 smicitis
247 1774 391 1824 GermanIci
406 1772 544 1841 pernitiose
562 1771 677 1839 utrique3
692 1773 752 1822 Silio
767 1785 809 1837 et,
828 1777 899 1840 qudd
914 1783 1028 1849 ingentis
1046 1823 1047 1834 ,

116 1848 241 1900 exercitiis
258 1859 353 1911 septem
366 1863 412 1911 per
426 1859 505 1892 annos
516 1843 678 1902 moderator,
692 1845 818 1912 portisque
831 1851 899 1916 apud
911 1856 1027 1908 Germa.

113 1928 185 1975 ninm
208 1919 418 1984 triumphalibus,
438 1917 605 1967 Sscrovltieni
624 1917 685 1968 belli
702 1921 911 1989 vietor,.quentb
926 1933 1027 1997 majore

78 2033 81 2038 .
115 2001 185 2051 rnole
200 1995 354 2063 procideret,
369 1993 428 2058 plus
442 1992 583 2042 formidinis
593 1994 620 2042 in
635 1993 697 2043 elios
709 1993 914 2062 dispergebatur:
929 2007 1027 2055 crede-

114 2073 177 2122 bnnt
187 2071 299 2136 plerique
307 2078 404 2117 suetam
414 2065 665 2140 offensionerqipsIus
675 2068 876 2137 intemperentii,
885 2075 1026 2128 immodici

114 2145 246 2212 jactantis,
257 2161 271 2190 n
279 2159 351 2190 suunt
362 2141 470 2191 militem
479 2141 505 2190 in
515 2143 639 2207 obsequio
648 2139 786 2202 duravisse,
795 2161 873 2209 quum
885 2149 929 2198 alii
939 2151 972 2198 ad
982 2171 1023 2201 se..

113 2221 225 2273 ditiones
241 2216 538 2283 prolaberenturzneque
552 2231 700 2266 mansurum
713 2216 815 2266 Tiberio
833 2221 967 2288 imperium
982 2263 988 2290 ,
1003 2230 1026 2276 εἰ
1044 2277 1045 2286 ἵ

119 2296 150 2344 iis
159 2308 259 2358 qnoque
272 2293 414 2359 legionibus
428 2291 522 2355 cupido
539 2289 648 2340 norsndi
662 2290 784 2342 luisset».
796 2281 899 2342 liestrui
912 2311 957 2360 per
971 2300 1023 2349 baen

117 2364 246 2417 {ortuuem
262 2384 332 2416 susm
351 2366 446 2423 Cesar,
458 2365 713 2430 imperemque'tnuto
727 2365 819 2414 merito
830 2367 941 2418 rebatur.
954 2372 1024 2420 Nnrn

94 2476 98 2486 ·
117 2442 239 2496 beneficis
255 2441 378 2506 eburque
392 2441 448 2488 lete
465 2452 538 2493 sunt,
552 2439 613 2488 durn
625 2437 744 2487 videntur
754 2453 785 2488 ex
796 2439 860 2491 solvi
872 2457 962 2508 posse:
978 2447 1026 2494 ubi
1043 2469 1044 2474 ¹

116 2517 402 2572 multumnnterenere,
413 2513 776 2582 progretilodiumretldittu·.
1043 2515 1044 2524 ¹

148 2595 209 2642 XX.
229 2592 287 2639 Erit
309 2606 374 2638 uror
388 2590 450 2637 Silio
465 2589 535 2636 Sosia
552 2588 624 2642 Galle
634 2624 641 2647 ,
659 2589 761 2636 caritate
775 2585 919 2652 Agrippina
938 2589 1022 2640 invisa

115 2664 235 2727 principi.
247 2662 301 2709 llos
311 2661 420 2725 corripi,
430 2658 509 2707 dilato
516 2658 549 2709 nd
560 2669 657 2725 tempus
666 2658 759 2706 Sabino
779 2659 899 2723 placitum
909 2678 915 2706 ι
925 2661 1023 2711 innuis·
1042 2667 1043 2674 ’

111 2751 209 2798 ,susque
219 2735 301 2781 Varro
310 2733 408 2790 consul,
418 2733 462 2795 qui
474 2743 610 2797 epaternns
620 2731 786 2782 inImicitinsn
797 2732 946 2794 obtendens,
956 2736 1022 2783 odiis

116 2805 201 2870 Seiani
218 2821 263 2870 per
276 2803 385 2855 dedecus
397 2819 472 2852 suum
485 2803 682 2868 gratificabatur.
699 2803 821 2853 Precante
836 2820 879 2853 reo
895 2806 1020 2856 ebrevem

116 2893 224 2931 moram,
234 2875 294 2924 dum
304 2888 433 2925 accusator
441 2877 576 2934 consulatis
583 2878 678 2924 abiretn
684 2911 693 2934 ,
702 2873 866 2926 adversentus
874 2889 913 2926 est
923 2880 1017 2928 Cesar:
1041 2917 1042 2928 r

107 2968 133 3000 s
141 2951 244 2999 solitum
255 2950 347 3015 quippi
358 2951 543 3015 magistratibus
555 2950 623 3000 diem
632 2951 737 3016 privatis
749 2949 831 2998 dicere
845 2967 850 2998 :
868 2965 915 3000 nec
924 2949 1017 3002 inirin-

116 3025 228 3093 geudum
242 3025 353 3073 consulis
362 3024 400 3088 ius
409 3060 417 3086 ,
427 3025 497 3087 cujus
506 3025 600 3090 rigilib
609 3025 731 3073 niteretur
740 3061 747 3083 ,
756 3041 788 3073 ne
797 3023 866 3088 quod
877 3027 1017 3091 respublica

118 3098 300 3147 detrimentum
310 3108 409 3162 caperet
417 3112 443 3146 u.
458 3095 593 3162 Proprium
608 3097 633 3144 itl
642 3096 745 3146 Tiberio
756 3095 803 3145 luit
814 3132 820 3156 ,
833 3095 927 3146 scelera
938 3114 1017 3163 nuper

117 3184 187 3238 repet
194 3181 217 3217 tn
225 3171 314 3235 priscis
325 3170 412 3221 verbis
421 3170 549 3235 obtegere.
558 3169 638 3235 Igitur
648 3170 728 3218 multe
739 3169 939 3229 adseveratione,
949 3169 1020 3234 qussi

117 3259 162 3295 snt
170 3244 266 3309 legibus
275 3257 333 3290 cum
341 3242 403 3290 Silio
413 3252 544 3305 ageretur,
554 3255 598 3290 sut
608 3241 689 3290 Varro
701 3243 798 3297 consul,
807 3255 851 3289 aut
859 3242 923 3294 illud
932 3259 1017 3308 respu·
1039 3279 1040 3316 ,

117 3319 184 3368 blica
203 3328 269 3364 esset
279 3351 287 3375 ,
299 3324 423 3378 coguntur
436 3324 537 3384 patres,
550 3315 640 3379 silente
659 3331 720 3379 reo,
739 3317 796 3372 rel,
814 3316 833 3364 si
850 3314 1019 3372 delensioucrn
1039 3317 1040 3382 i

118 3402 239 3458 reptaret
245 3425 254 3454 ‚
273 3405 327 3438 non
344 3387 503 3451 occultante,
520 3387 598 3454 ‘cujus
613 3387 650 3439 iri
665 3383 1040 3456 premeremurConscientiil

1037 3551 1039 3566 l
