2100 3709
317 109 494 152 ιιιιιιιιιιιι
509 115 576 154 urs.
593 117 663 156 xer.
702 104 705 108 ’
896 98 944 164 263

10 193 85 248 dies
97 213 144 264 per
154 209 286 254 somnum,
300 209 350 242 uox
359 195 462 250 officiis,
474 208 499 244 et
510 195 741 248 oblectamentis
717 213 773 249 urta
786 203 947 269 transigeba-

11 283 86 321 tur:
101 282 182 335 utque
192 271 255 318 alios
267 267 405 328 industris,
415 271 450 318 ita
460 269 546 318 hunc
540 274 638 337 ignaria
649 273 680 322 ad
691 273 782 322 famam
792 279 944 340 protulerat,

12 343 228 406 habebaturque
240 355 290 388 non
300 355 393 404 ganeo,
404 351 429 389 et
439 345 598 410 profligator,
609 358 637 395 ut
646 347 759 412 plerique
769 365 812 396 sua
823 350 945 401 hamien-

13 419 107 477 tium,
120 415 165 468 sed
177 414 278 464 erudito
292 415 360 462 luxu.
371 412 408 463 Ac
420 415 486 465 dicta
498 415 647 484 factaque
626 437 680 483 epus
692 421 788 486 quautd
805 424 942 487 solutiora,

14 505 49 542 et
64 492 205 558 quamdam
217 493 255 541 sui
265 489 445 557 negligentiam
457 492 627 558 preferentis,
642 495 712 544 ιιιιιιὸ
723 496 818 561 gratiiss
828 538 837 560 ,
848 501 874 547 in
886 515 948 567 spe·

14 569 93 616 ciem
105 567 293 633 simplicitatis,
306 566 504 632 accipiebantur.
519 567 657 617 Proconsul
671 581 753 618 tamen
765 571 904 640 Bithynia,
919 585 946 624 et

15 657 89 692 mox
101 642 207 702 consul
225 641 353 706 vigentem
368 657 409 696 se,
423 656 452 688 ac
463 657 549 706 parem
562 655 669 708 negotns
681 644 811 693 ostendat
828 644 885 694 dein
900 663 945 696 re·

16 733 38 764 v
41 717 136 764 olntns
146 714 179 763 ad
189 715 267 773 vitis,
277 733 320 764 seu
331 715 450 765 vitiorum
461 715 646 776 imitationem,
659 720 725 767 inter
734 735 827 785 pancos
835 718 947 769 familis·
960 770 962 772 ,

15 791 96 838 rium
108 789 206 838 Neroni
218 787 367 854 adsumptus
378 801 417 837 est
425 787 578 854 elegantiae
588 793 696 850 srhrter
708 792 770 842 dum
784 793 849 843 nrhrl
863 811 947 844 amos

19 880 107 920 num,
122 874 149 912 et
163 863 240 912 molle
250 861 376 912 affluentis
387 826 478 930 puiat,
496 865 547 914 nisi
541 866 624 928 quod
637 883 660 914 er
653 867 805 916 Petronint
815 869 947 934 approbe-

20 938 119 986 visset.
130 937 206 986 Unde
216 936 310 986 invidia
319 937 453 1002 Tigellini,
463 955 535 1002 quast
528 937 666 992 advertiis
675 941 805 1000 emulum,
824 953 851 989 et
861 944 946 992 scien-

24 1013 62 1060 tia
74 1011 238 1077 voluptatum
248 1012 386 1076 potiorem.
399 1012 466 1076 Ergo
477 1011 654 1063 crudelitatem
663 1012 795 1081 principis,
804 1016 847 1063 eui
856 1027 945 1068 ceterss
967 1052 972 1063 ,

22 1085 150 1134 libidines
165 1085 300 1141 cedebant,
320 1083 476 1148 aggreditur,
490 1088 627 1136 amicitiam
643 1090 743 1137 Scerini
756 1088 876 1137 Petronio
890 1092 943 1140 ob·

23 1161 142 1223 iectans,
153 1147 273 1223 corrupto
283 1155 316 1206 sd
327 1155 449 1204 indicium
460 1174 546 1220 servo,
561 1161 729 1230 redemptisque
742 1161 887 1212 defensione
896 1199 904 1224 ,
918 1175 946 1214 et

21 1233 125 1296 majore
134 1245 204 1300 parte
215 1232 313 1282 familiae
323 1231 348 1278 in
363 1231 445 1278 vincla
456 1233 538 1297 rapti.

62 1307 139 1357 XIX.
153 1305 229 1356 Forte
238 1305 289 1354 illis
298 1303 387 1353 diebus
399 1304 565 1370 Campaniam
574 1307 698 1371 petiverat
708 1308 801 1365 Cesar,
815 1320 841 1358 et
851 1311 944 1360 Cumas

26 1397 113 1444 usque
120 1395 268 1448 progressus
276 1380 413 1428 Petronius
421 1379 649 1428 itttcnuinsbarur.
660 1380 715 1429 Nec
727 1383 784 1430 tulit
792 1383 945 1434 ultr-isimo-

27 1455 65 1504 ris
77 1466 121 1504 ιιιιι
132 1457 187 1522 spei
197 1471 299 1504 moras:
313 1470 394 1520 neque
408 1464 493 1502 tamen
503 1469 614 1520 preceps
624 1454 703 1502 vitam
715 1454 827 1518 expulit,
843 1457 905 1504 sed'
900 1474 945 1504 ιιι-

28 1531 98 1580 cisss
113 1547 203 1596 senas,
221 1540 250 1578 ιιι
264 1529 381 1587 ιιιιίιιιιιι,
397 1528 521 1592 obligatas
528 1564 537 1592 ‚
558 1528 656 1594 aperite
673 1525 790 1589 rursiam,
806 1540 832 1577 et
849 1529 946 1593 alloqui

28 1607 142 1666 amicos,
159 1621 209 1654 non
226 1619 270 1670 per
288 1603 365 1664 seria,
377 1603 528 1666 autquibus
543 1602 691 1650 constantiae
709 1601 819 1664 gloriam
836 1611 946 1684 peteret.

28 1678 208 1742 Audiebatque
218 1673 370 1734 referentes,
379 1675 442 1724 nihil
452 1675 484 1736 de
494 1676 688 1724 immortalitate
696 1676 799 1734 anime,
810 1685 835 1722 et
842 1674 946 1739 rspieu-

28 1754 99 1802 tium
108 1751 220 1836 placitis,
233 1748 278 1800 sed
287 1749 352 1798 levia
362 1749 487 1813 carmina,
499 1762 524 1797 et
532 1748 619 1797 faciles
627 1764 729 1797 rasus:
741 1764 872 1796 servornm
882 1749 946 1799 alios

28 1826 183 1891 largitione,
195 1823 317 1888 quosdam
332 1823 480 1872 verberibus
492 1820 603 1872 adfecit:
617 1822 674 1872 iniit
685 1835 710 1871 et
725 1822 791 1885 vias,
807 1839 897 1873 somno
908 1823 947 1872 in·
995 1847 998 1852 ·

31 1899 129 1954 dnlsit,
142 1908 171 1947 ιιι
179 1913 321 1962 quanquam
335 1908 420 1946 coacta
431 1913 514 1956 mors,
529 1896 639 1944 fortuite
654 1895 743 1944 similis
755 1905 831 1944 esset.
846 1896 885 1943 Ne
896 1911 945 1944 co·

34 1973 129 2022 dioillis
137 1971 240 2042 quidem
252 1972 336 2038 (quod
346 1973 461 2038 plerique
469 1971 646 2038 pereuntium)
657 1971 787 2021 Neronem
802 1981 846 2020 sut
855 1968 946 2037 Tigel-

32 2049 131 2108 ιίιιιιιιι,
150 2060 193 2098 sut
212 2064 287 2112 quem
307 2048 385 2095 alium
404 2047 548 2110 potentium
565 2046 682 2095 adulatus
704 2059 767 2096 cst:
789 2044 834 2094 sed
852 2045 947 2111 flagitis

33 2123 173 2188 principit,
185 2123 231 2169 snb
245 2119 393 2168 nominibus
407 2118 584 2175 exoletorum
600 2117 815 2182 feminarumque,
831 2129 856 2166 et
869 2135 946 2167 novt

36 2206 89 2248 tate
101 2199 221 2262 cujusque
238 2196 333 2261 stupri,
346 2193 508 2260 perscripsit,
520 2203 595 2255 atque
608 2191 738 2256 obsignata
751 2194 821 2240 misit
831 2192 947 2241 Neroni.

36 2271 160 2336 fregitque
173 2270 308 2333 annulum,
324 2283 355 2316 ue
367 2283 426 2316 mox
436 2267 493 2314 usui
506 2275 571 2313 esset
581 2263 613 2312 ad
625 2264 738 2314 facienda
749 2265 872 2331 pericula.

69 2347 128 2394 XX.
141 2343 288 2410 Ambigenti
300 2342 413 2397 Neroni
425 2345 537 2405 quonam
551 2339 628 2388 modo
637 2351 752 2388 nostrum
765 2355 866 2387 suarum
877 2352 949 2403 rnqe

38 2418 79 2466 uia
91 2427 262 2477 notescerent,
275 2413 444 2464 oll'erturSilia
451 2450 458 2472 ,
469 2411 854 2462 matrimoniosenatorishautl
848 2421 949 2474 ignota,

38 2500 65 2539 et
77 2491 124 2555 ipsi
117 2489 166 2538 ιιίι
180 2505 282 2538 omnem
293 2487 430 2536 libidinem
445 2486 553 2548 adscita,
566 2502 597 2533 ac
608 2485 728 2534 Petronio
739 2499 861 2549 perquam
875 2481 949 2530 fami·

38 2565 126 2616 liaris:
139 2567 220 2629 agitur
229 2567 256 2613 in
265 2565 381 2614 exsilium
389 2573 528 2626 ,tanquam
539 2577 589 2608 non
601 2562 711 2609 siluisset
719 2575 797 2624 quae
783 2555 881 2605 riderat
889 2572 952 2622 per-

39 2638 190 2702 tuleratque,
200 2640 303 2704 proprio
312 2635 381 2684 odio.
394 2635 427 2684 At
441 2635 587 2684 Numicium
599 2634 750 2722 Thermum,
759 2630 865 2700 pretulit
876 2628 952 2679 func-

38 2721 110 2776 tum,
124 2710 241 2784 Tigellini
253 2711 425 2761 simultatibus
441 2708 552 2773 dedidit,
564 2710 622 2775 quis
637 2709 744 2758 libertus
760 2707 865 2758 Thermi
880 2721 951 2770 que·

41 2787 99 2835 dam
110 2785 140 2834 de
133 2785 278 2858 Tigellino
287 2783 422 2834 criminose
431 2783 572 2839 detulerat,
583 2783 800 2848 quoecrueintibus
808 2792 952 2832 tormento.-

41 2877 98 2914 rum
110 2860 177 2924 ipse,
188 2872 309 2926 patronus
322 2858 375 2923 ejus
386 2859 578 2907 necetmmcrirt
591 2858 682 2906 lueret.

72 2933 146 2982 XXI.
159 2932 303 2983 Trucidatis
315 2943 354 2981 tot
366 2927 542 2998 insignibus
517 2933 595 2987 stris,
605 2930 636 2993 ad
650 2915 809 2997 postremum
817 2928 886 2978 Nero
900 2927 953 2976 sir·
1020 2961 1023 2965 «

42 3019 120 3056 tutem
137 3009 216 3074 ipsam
234 3006 375 3056 erseindere
394 3007 555 3079 concupivit,
574 2989 707 3054 interfecto
721 3000 834 3051 Thrasea
845 2985 914 3050 Paeto
925 3010 953 3048 et

45 3078 118 3129 Barea
129 3080 236 3140 Sorano,
250 3081 311 3128 olim
328 3079 437 3143 utrisque
454 3079 582 3137 infensus,
593 3091 619 3129 et
639 3077 817 3126 accedentibus
829 3073 911 3121 causis
924 3072 950 3119 in

43 3155 196 3203 Thraseam.
209 3115 278 3220 qdod
291 3165 378 3204 senatu
390 3168 502 3218 egressus
516 3166 571 3214 est,
589 3165 668 3218 quum
681 3151 713 3200 de
722 3147 863 3214 Agrippina
872 3143 953 3194 refer·

45 3240 126 3290 retur,
137 3240 165 3276 ut
175 3227 329 3278 memoravi:
339 3226 456 3292 quddque
467 3191 629 3275 iuvenalium
639 3225 738 3274 ludicro
747 3236 836 3288 parum
845 3231 952 3280 exspec-

46 3303 146 3350 labilem
155 3318 258 3366 operam
269 3302 423 3368 prebuerat:
433 3316 510 3364 eaque
522 3299 627 3347 offensio
635 3297 710 3345 altihs
720 3291 869 3360 penetrabat
879 3287 952 3348 ,quit

47 3373 112 3433 idom
121 3373 229 3430 Thrasea
238 3373 336 3430 Patavii
345 3409 353 3435 ,
362 3372 433 3426 unde
443 3384 514 3423 ortus
527 3381 602 3432 erat,
599 3369 672 3423 ludis
684 3366 807 3423 annisis
815 3358 951 3427 ὲΤῐῡιιῦθ
