2100 3709
382 75 563 119 strattona
583 74 650 118 nra.
671 77 723 118 tr.
956 69 1006 136 ιιι

92 159 239 230 obsignavit
255 175 426 231 :promptum
441 164 531 230 regini
548 166 701 231 pugionem,
718 162 750 212 de
766 179 817 228 quo
828 165 903 231 snpri
913 168 1005 227 retuli,

91 247 110 286 tt
122 251 247 289 vetustate
261 240 380 288 obtusum
396 243 554 304 increpans,
571 239 681 305 aspersri
692 254 766 296 sexo,
778 250 803 287 et
818 240 843 288 in
855 252 1005 289 mucronem

91 311 251 362 ardescere»
268 313 350 375 irrasit.
359 315 471 377 Pisasque
483 329 569 362 crtram
581 314 675 361 liberto
692 311 800 360 Milicho
812 305 949 365 enuntiavit.
963 314 1004 362 st·

91 385 152 432 tnui
168 383 337 434 adfluentibus
351 375 426 432 soiito
441 387 589 434 convivium
607 386 719 433 initum:
735 399 865 435 serrorum
881 384 1008 446 carissimi

94 457 236 521 libertate,
249 471 276 508 et
290 460 331 506 alii
346 458 452 524 pecnnii
465 459 552 507 donati
567 477 573 505 ι
586 470 660 523 atque
674 459 726 524 ipse
739 470 858 517 nrcestus,
872 471 899 507 et
910 470 1005 524 magnae

93 531 256 594 cogitationis
273 530 419 580 manifestus
431 542 499 592 erat,
513 533 630 594 quamvis
642 531 753 579 letitiam
768 533 836 596 vegia
846 529 1005 579 sermonibus

94 604 238 653 simularet.
255 603 387 653 Posttesnd
401 605 572 653 «vulneribus
589 605 726 669 ligamente
736 640 743 662 ,
755 605 895 669 quibusque
908 605 1006 653 sistitur

92 679 238 745 sanguinis,
247 694 358 744 parares
371 678 489 739 eumdem
502 677 638 728 Milichum
649 688 752 740 monet3
766 680 818 728 sire
826 693 933 743 gnarum
942 693 1005 726 con·

89 747 244 814 iurationis,
260 764 285 800 et
299 753 359 800 illuc
371 769 451 819 nsque
470 753 566 816 fidum,
580 769 623 802 seu
636 754 749 801 nescium
759 789 765 808 ,
777 764 803 802 et
817 750 1005 818 tnnc'primiun

91 825 201 890 arreptis
216 825 415 891 suspicionibus,
432 839 461 876 ut
470 829 586 893 plerique
603 826 726 876 trsdiddre
740 820 1005 888 de'consequentibut.

90 896 163 948 Nam
172 915 248 962 quum
262 915 348 950 secum
360 903 459 950 servilis
471 902 570 950 suimus
582 902 683 966 premia
695 899 806 966 perfidiae
817 899 958 966 reputavit,
972 899 1006 948 si·

92 973 198 1035 mulque
210 969 332 1024 immensa
345 977 451 1040 pecunia
463 987 488 1024 et
499 975 615 1041 potentis
629 975 845 1031 obversabentnr,
860 971 1003 1033 ceastriae,

91 1053 121 1095 et
137 1045 202 1094 salus
218 1049 330 1113 patroni,
350 1061 376 1098 et
392 1063 498 1116 accepte
518 1051 642 1099 libertatis
655 1050 784 1099 mentoris.
803 1049 906 1097 Etenim
919 1047 1005 1096 uxoris

91 1133 195 1186 quoque
203 1121 529 1188 consiliumadsumpserat,
537 1123 660 1172 muliebre
667 1122 928 1187 sedeterius2quippe
936 1120 1004 1171 ultrti

92 1203 192 1246 metum
204 1195 345 1246 intentabat
357 1231 364 1254 ,
374 1213 389 1245 ιι
398 1197 547 1260 multosque
554 1196 681 1246 adstitisse
692 1198 797 1246 libertos
806 1212 836 1244 ec
845 1209 947 1251 servos,
959 1195 1003 1258 qui

91 1263 183 1314 eedem
193 1267 305 1316 viderint
315 1286 320 1316 :
334 1268 398 1317 nibil
405 1265 568 1332 profuturum
577 1271 651 1317 unius
659 1270 789 1320 silentium
799 1288 805 1318 :
816 1282 842 1319 st
850 1271 949 1336 premis
957 1283 1006 1334 pe-

88 1352 137 1387 nes
147 1356 225 1388 unum
235 1341 304 1396 iore,
319 1344 363 1405 qui
377 1341 472 1389 indicio
481 1341 643 1406 praevenisset
654 1357 680 1390 u.
885 1345 888 1353 '

124 1412 181 1462 ΙΝ.
196 1415 286 1479 Igitur,
298 1413 379 1480 coepti
391 1415 464 1470 luce,
480 1409 636 1465 Milichus'in
647 1413 736 1462 hortos
748 1414 1004 1481 Servilianospergit,

91 1497 120 1535 et
131 1500 211 1551 qurtm
221 1486 320 1536 foribus
329 1500 472 1546 arceretur,
483 1503 592 1551 nmagns
600 1499 626 1536 et
636 1487 730 1534 atrocia
739 1485 838 1536 sdierre
847 1503 860 1535 o
869 1487 991 1539 dictitans
1001 1524 1008 1546 ,

91 1556 268 1624 deductusque
281 1561 313 1609 ab
325 1562 474 1626 janitoribus
483 1560 516 1609 ad
525 1561 645 1612 libertum
654 1561 764 1611 Neronis
770 1596 778 1619 ,
788 1560 990 1625 Epaphroditum
1000 1600 1006 1621 ,

89 1647 153 1681 mox
163 1634 195 1680 ab
207 1649 237 1681 eo
248 1633 279 1680 ad
291 1633 438 1691 Neronem,
452 1651 567 1700 turgens
579 1635 735 1701 pericnlum,
748 1649 837 1700 graves
845 1631 1005 1698 coniuratio-

89 1718 176 1762 nes»,
191 1719 216 1755 et
228 1719 311 1757 cetere
327 1724 381 1773 qnae
396 1708 527 1772 audierat,
539 1707 792 1774 conjectantesque,
810 1706 1003 1757 doeetr'l'eium

90 1795 192 1844 quoque
207 1781 232 1829 iu
244 1797 332 1832 necem
343 1785 396 1848 ejus
407 1795 523 1850 psratum
538 1782 664 1843 ostendit,
681 1784 807 1848 accirique
818 1777 890 1830 r'ertm
911 1782 985 1847 jussit
998 1799 1003 1834 :
1016 1795 1019 1803 '

90 1851 113 1903 is
125 1867 211 1919 raptus
220 1870 264 1920 per
273 1857 378 1916 milites,
395 1869 421 1906 et
434 1857 608 1910 defensionem
621 1875 709 1920 orsus,
724 1859 866 1914 «Petrum,
879 1857 950 1920 cnjus
962 1869 1005 1905 ar»

90 1939 212 1992 queretur
222 1963 228 1984 ,
240 1929 302 1978 olim
312 1928 435 1998 religione
446 1932 528 1998 patrii
540 1935 654 1989 cultum,
668 1945 694 1983 et
705 1934 731 1982 in
742 1932 861 1981 cubiculo
873 1930 986 1978 habitum
997 1965 1004 1986 ,

90 2013 121 2072 ac
131 1996 219 2049 frende
229 2001 316 2051 liberti
327 2005 474 2072 subreptum
487 2009 635 2073 respondit·
643 2007 754 2056 Tabulas
764 2005 908 2055 testamenti
916 2004 1005 2069 saepius

91 2063 161 2134 itit,
178 2074 330 2125 incustoditi
344 2077 443 2126 dierum
459 2080 650 2137 observatione,
663 2083 782 2134 situatas.
798 2078 920 2127 Pecuniae
932 2089 958 2126 et
973 2077 1006 2125 ii*

91 2144 203 2196 bertetes
220 2154 299 2200 neruis
312 2162 337 2199 et
351 2151 409 2202 euti
424 2152 492 2202 douo
507 2153 594 2213 dates,
610 2155 656 2203 sed
671 2155 729 2203 ideo
746 2165 808 2202 tnnc
822 2153 932 2216 largiris,
945 2154 1004 2216 quia

90 2222 165 2270 tenui
177 2222 227 2286 jam
237 2239 264 2272 re
273 2223 399 2283 familiari,
407 2236 433 2274 et
442 2226 595 2276 instantibus
606 2227 783 2282 creditoribus,
793 2225 1004 2274 testamentndii-

89 2293 191 2343 fideret.
202 2295 339 2346 Enimverb
348 2297 466 2346 liberales
473 2314 573 2364 semper
578 2301 665 2367 epnlss
671 2301 802 2357 struxisse,
811 2310 838 2346 et
844 2299 921 2346 vitam
927 2314 1005 2346 amte-

79 2383 169 2426 mem,
186 2379 210 2416 et
223 2369 293 2418 duris
310 2369 434 2431 jndicibus
449 2387 538 2436 perum
556 2373 698 2438 preberent.
715 2371 840 2420 Fomenta
854 2372 1005 2421 vulneribus

90 2441 162 2490 nulla
172 2441 240 2503 iussn
249 2459 309 2506 auo,
321 2443 366 2492 sed
378 2445 436 2508 quia
447 2456 530 2492 cetera
540 2443 624 2509 palim
635 2458 700 2491 vena
709 2444 856 2508 objecisset,
868 2443 1004 2509 adjungere

89 2515 204 2572 crimen,
219 2527 248 2566 nt
257 2531 310 2566 sese
319 2518 414 2582 pariter
423 2515 534 2580 indicem
544 2528 569 2566 et
579 2527 671 2566 testem
684 2515 775 2565 iaceret
787 2533 812 2565 n.
822 2515 919 2579 Adjicit
928 2516 1004 2565 dictis

88 2589 259 2638 constantiam
273 2606 279 2639 t
296 2595 395 2640 incusat
408 2591 475 2639 ultro
493 2591 707 2647 «intestabilem,
724 2602 749 2639 et
764 2591 1003 2648 consceleratumn,

90 2659 162 2709 tanti
172 2664 241 2710 vocis
249 2679 279 2712 ao
286 2663 374 2714 vuilda
381 2666 524 2720 securitate,
533 2666 665 2713 ntitabsret
672 2663 805 2721 indicium,
815 2665 863 2725 uisi
871 2665 1003 2712 Milichum

89 2750 156 2786 uxor
167 2735 356 2797 admonuisset,
369 2739 534 2790 «Antonium
544 2741 660 2790 Natalem
672 2742 753 2792 multa
765 2754 824 2790 cum
837 2742 960 2804 dcerino,
975 2757 1004 2790 sc

91 2809 191 2859 secreto
204 2811 379 2874 collocutum,
392 2826 418 2862 et
429 2831 482 2863 esse
494 2827 616 2879 utrosque
627 2817 657 2864 C.
669 2815 772 2865 Pisonis·
784 2816 886 2864 intimos
894 2832 920 2863 n.

102 2924 106 2928 .
124 2880 194 2934 LVl.
205 2884 273 2949 Ergo
283 2887 378 2935 secitur
388 2888 483 2938 Natalis
496 2907 502 2936 :
514 2900 541 2936 et
550 2888 643 2938 diversi
655 2890 855 2955 interrogantur,
864 2891 1003 2953 «quisnam

88 2955 114 3004 is
127 2971 212 3004 sermo
224 2973 231 3006 ε
242 2957 290 3022 qni
305 2958 337 3006 de
353 2977 381 3009 re
397 2961 509 3011 luisset»
521 2959 533 3010 Ρ
547 2979 627 3027 quum
641 2973 733 3013 exorta·
742 2967 864 3030 suspicio,
879 2967 936 3028 quia
950 2983 1005 3013 non

91 3033 260 3094 congruentis
268 3035 450 3100 responderant
458 3056 464 3086 ι
472 3039 703 3102 inditaquevinela.
711 3041 744 3088 Et
751 3052 934 3090 tormentorum
943 3037 1004 3086 ads-

91 3117 197 3170 pectum
209 3122 238 3155 ec
247 3109 328 3157 minas
335 3127 387 3159 nun
397 3113 486 3162 tuldre.
497 3114 570 3163 Prior
579 3124 667 3163 temen·
674 3113 785 3174 Natalis,
797 3113 874 3162 totius
884 3113 1004 3172 coniurat·

13 3186 16 3195 ¹
88 3175 171 3224 tionis
184 3179 380 3244 magisgnstus,
391 3185 465 3232 simul
478 3184 599 3250 arguendi
610 3185 725 3249 peritior,
738 3187 770 3236 ale
779 3184 881 3236 Pisone
891 3181 1003 3245 primunt

91 3244 188 3298 latetur
200 3269 205 3298 ι
218 3249 311 3300 deinde
327 3252 413 3320 adjicit
436 3257 581 3306 «Annaeum
593 3256 749 3312 Senecam»,
761 3257 815 3304 sive
831 3256 1002 3307 internuntiae

15 3354 20 3362 ·
87 3322 157 3376 inter
167 3337 228 3380 sum
238 3322 409 3399 Pisonemque
418 3328 482 3407 suit,
492 3328 547 3379 sire
555 3337 587 3378 ut
594 3326 704 3378 Heroon
716 3329 822 3395 gradem
833 3337 949 3393 pararet,
957 3329 1007 3394 apat
