2100 3709
347 112 525 163 tinterna
546 126 614 166 ssa.
632 127 677 166 rr.
917 120 964 170 125

49 195 214 262 Nicopolim,
225 193 370 247 Romanam
380 199 516 256 coloniam,
527 202 662 265 ingressus,
672 202 706 250 ibi
716 201 817 252 demum
826 197 964 270 cognition,

51 269 177 320 solertius
186 272 383 336 interrogatum,
397 273 526 342 quisnam
531 271 619 342 ferret,
630 274 738 336 dixisse,
752 279 800 326 M:
810 275 909 330 Silano
915 296 965 347 ge·

53 346 143 394 nilum
156 357 215 405 tet,
224 344 313 395 multis
323 355 477 393 sectatorum
489 345 597 411 dilapsis
608 348 783 403 ,adscendisse
796 367 896 408 narem,
907 363 964 400 tan-

53 423 131 471 quam
143 411 247 460 Italiam
259 416 358 476 peteret
371 427 377 458 ε
390 411 540 475 scripsitque
554 411 605 460 haec
620 413 724 464 Tiberio
737 432 743 463 :
756 428 837 478 neque
851 433 897 466 nos
911 420 964 467 ori·

53 482 139 545 ginem
151 485 260 533 finemve
274 486 374 546 elusani
386 483 452 532 utn'a
462 488 641 550 comperimus.

83 554 133 605 XI.
151 558 228 606 Exitu
244 558 319 619 anni,
338 555 382 604 diu
399 569 472 605 aucta
489 556 615 606 discordia
631 557 766 608 consulum
781 559 864 624 erupit
880 577 886 607 ι
904 576 963 610 nam

52 625 128 682 Trio.
147 630 229 679 facilis
247 628 406 696 capessendis
426 631 579 685 inimicitiis,
596 643 623 680 et
637 629 692 680 loro
711 633 853 692 exercitus,
872 640 904 682 ut
919 650 963 684 se·

50 721 131 771 gasin
142 695 280 774 Regulum
293 705 330 754 ad
343 705 532 772 opprimendos
546 701 786 776 Sejaniministros
798 705 900 770 obliqui
909 721 963 771 pes-

53 777 190 826 strinxerat
202 797 208 826 :
222 779 279 837 iilo,
292 779 341 826 nisi
352 779 531 836 lacesseretur,
540 779 668 830 modestia
680 782 802 842 retinens,
818 797 869 832 non
881 779 959 834 niodo

52 850 149 899 retudit
160 852 300 918 collegam
315 851 362 902 sed
376 863 406 903 ut
418 858 529 905 nostum
543 857 743 926 conjurationis
755 856 787 904 ad
800 855 962 921 disquisitio-

52 937 112 970 nem
118 924 247 975 mahebac-
256 925 393 990 Multisque
401 940 504 992 patrm
515 931 657 990 orantibus,
667 942 791 996 ponerent
800 931 858 978 odia
867 933 893 978 in
901 945 963 996 per·

52 996 148 1118 {iiim
165 1000 250 1062 itura,
264 999 380 1054 mantice
394 1002 487 1052 lulensi
501 1019 532 1052 ac
543 1003 705 1065 minitantes,
717 1003 798 1054 donec
814 1003 961 1070 magistratu

87 1082 164 1120 ueut.

230 1184 234 1207 r
253 1181 263 1235 p
285 1189 297 1209 ι.
331 1174 347 1240 p
647 1210 652 1220 ,

371 1237 377 1251 Ι
414 1245 416 1251 .
456 1237 463 1248 ἰ
523 1242 529 1252 n

241 1318 248 1338 r

165 1427 541 1565 {Apustium
573 1433 685 1514 nin.
713 1432 802 1514 vu

8 1688 9 1694 ,
54 1651 157 1696 Tiberius
163 1649 325 1700 anshicuusan
335 1652 415 1695 urbem
425 1655 539 1704 intraret,
550 1659 573 1694 et
580 1652 645 1706 sape
652 1652 677 1693 in
683 1654 816 1708 propinqua
822 1650 956 1708 degressus,

76 1714 181 1766 Capreas
193 1723 286 1754 rursum
298 1719 321 1754 et
330 1714 485 1757 solitudinem
498 1715 574 1756 maris
585 1715 683 1769 repetit,
698 1711 789 1766 pudore
800 1711 915 1754 scelerum
928 1713 970 1757 ac'

75 1766 219 1824 libidinum,
234 1771 319 1829 quibus
332 1773 456 1816 indomitis
471 1773 644 1818 inardescebat.
659 1771 741 1815 Roma
754 1763 853 1815 sinatis
866 1775 957 1816 misera

74 1833 189 1886 conditio,
196 1831 318 1876 adulantis
319 1833 387 1890 foedi
393 1836 508 1891 principi,
516 1843 540 1877 et
548 1837 598 1888 aas
608 1838 633 1878 in
643 1845 695 1877 reos
702 1833 842 1877 crudelitati
851 1837 957 1878 servien-

73 1900 111 1939 tis.
124 1893 231 1952 ρυὶάωη
239 1900 320 1938 tamen
328 1895 448 1938 delatores
460 1895 565 1941 casaris
574 1898 665 1942 litteris
672 1895 792 1953 perculsi:
801 1893 844 1938 sed
853 1895 958 1942 Messal-

72 1959 133 2002 linas
144 1956 216 2001 Cotta
223 1988 230 2007 ,
237 1958 376 1999 sevissima
386 1958 501 2014 caiusque
510 1961 635 2002 sententia
645 1959 743 2010 auc'tor,
756 1959 769 1999 e
778 1960 827 2000 reis
837 1959 956 2000 eximitur

69 2033 114 2076 per
124 2016 233 2068 eiusdem
247 2016 355 2072 litteras,
370 2031 471 2073 quarum
485 2020 578 2070 insigne
591 2021 697 2062 initium.
712 2019 820 2063 Plurimi
832 2015 861 2060 oh
872 2017 956 2070 Seiani

71 2083 208 2128 amicitiam
215 2083 332 2130 accusati.
342 2087 449 2139 interque
456 2081 534 2126 eosM.
543 2082 667 2124 Terentius
673 2093 744 2138 eques
752 2079 881 2130 Romanus,
890 2081 955 2130 cuites

70 2143 145 2191 liberie
155 2150 179 2192 el
191 2143 286 2199 egregia
297 2140 408 2196 defensio
421 2143 518 2183 inserta.
533 2142 584 2186 Nec
595 2141 699 2197 semina
715 2149 825 2184 exsortes
835 2141 941 2196 periculi
945 2153 957 2196 ,²

71 2213 194 2260 materque
202 2210 306 2254 necatur,
320 2204 348 2244 eo
357 2199 479 2258 quddfilii
488 2201 690 2258 necemJievisset.
701 2201 729 2243 L.
739 2202 837 2244 Pisonis
844 2201 956 2256 prefecti

70 2267 133 2311 urhis
143 2276 208 2308 mars
218 2271 241 2306 et
249 2263 340 2320 funus,
353 2269 377 2305 et
386 2273 431 2317 per
440 2263 593 2304 occasionem
605 2262 634 2304 de
643 2263 735 2312 origine
749 2262 801 2312 ejus
814 2260 919 2304 muneris
931 2267 955 2302 et

68 2338 198 2385 progressu.
210 2325 340 2367 Decretum
352 2320 458 2365 Senaltls
466 2321 496 2364 de
505 2321 641 2376 recipiendo
652 2321 756 2372 Sibylla
769 2319 846 2372 libro,
863 2324 905 2380 qui
915 2329 953 2364 ta·

68 2380 575 2442 menactioniquindecimuirilmsubiicitur.
583 2382 675 2426 Seditio
683 2382 800 2426 Romoeoh
808 2385 954 2433 grauitatem

69 2437 174 2500 nimia,
180 2447 255 2505 deque
261 2446 291 2488 esi
297 2443 416 2487 reTiberii
422 2444 512 2486 littera
519 2443 552 2484 ad
558 2443 891 2496 SenatumGermanicistitoe
898 2455 954 2497 nup.

69 2523 119 2558 tum
127 2510 190 2552 datoe
198 2509 224 2552 h.
240 2508 333 2554 Cassia,
339 2503 401 2547 esst.
413 2502 518 2547 Vinicio.
524 2503 690 2545 Foeneratores
698 2503 845 2554 injudictum
854 2505 953 2550 voeati,·

7 2588 8 2603 ¹
68 2581 178 2628 represso
185 2581 274 2621 usura,
285 2575 309 2610 et
317 2563 465 2616 liberalitate
475 2564 580 2609 oasam
587 2562 717 2605 multorum
718 2561 784 2618 fides
792 2560 890 2617 refecta.
902 2562 953 2604 lte·

7 2630 8 2669 3
68 2645 119 2676 mm
127 2632 292 2674 accusationes
299 2626 452 2679 maiestati55
463 2632 489 2667 et
498 2624 624 2680 Pompeia
635 2622 763 2676 Macrine,
776 2624 889 2680 patrique
898 2623 949 2674 eius

7 2682 8 2689 ἵ
69 2709 97 2738 ac
103 2693 179 2750 fratri
193 2690 289 2733 crimini
301 2687 398 2740 datum,
413 2685 477 2744 quiid
488 2683 659 2740 Theophanem
671 2697 788 2740 proavum
803 2681 888 2728 horum
903 2683 945 2728 Cn.

68 2755 194 2812 Pompeius
203 2753 268 2795 inter
275 2751 373 2794 intimos
381 2748 514 2794 habuisset.
527 2741 637 2791 Tiberius
647 2755 682 2790 tot
689 2748 818 2805 suppliciis
829 2748 947 2800 irritatus,

7 2864 8 2871 ἵ
69 2828 146 2862 omnes
153 2814 290 2866 Salaniana
300 2812 475 2864 coniurationis
484 2822 539 2854 reos
549 2812 632 2852 necari
639 2809 706 2861 iubet
716 2825 723 2853 .·
734 2823 833 2868 quornm
842 2809 937 2864 corpori
940 2831 949 2840 -

7 2886 8 2925 l
68 2877 114 2930 bus,
123 2875 197 2919 donec
206 2876 233 2916 in
242 2873 348 2916 Tiberim
357 2869 515 2922 traicerentur,
527 2871 677 2921 circumiecti
687 2871 801 2922 custodes,
812 2883 887 2927 neque
894 2882 951 2926 pro·

67 2939 156 2995 pinquis
165 2934 301 2978 autenticis
309 2932 436 2983 adsistere,
447 2937 489 2973 aut
497 2931 655 2981 illacrymare
661 2932 813 2985 permissum.
827 2931 852 2974 C.
866 2931 953 2974 Coesar

73 2996 196 3042 Claudiam
201 3005 302 3038 uxorem
309 2993 412 3046 accipit:
419 2991 470 3043 ejus
479 3001 566 3044 mores,
575 2999 597 3034 et
604 2991 696 3036 callida
702 2991 828 3036 simulatio
836 2995 860 3034 in
867 3005 949 3036 arura.

6 3054 10 3065 ’
73 3058 159 3104 Tiberii
165 3057 312 3114 prasagium
320 3053 349 3096 de
358 3053 410 3095 Ser.
423 3051 513 3104 Galba,
522 3058 656 3107 etpeream
663 3065 762 3095 causam
770 3051 799 3094 dc
809 3051 947 3094 Mathema-

71 3122 122 3164 ticis
133 3116 226 3176 aliquid
237 3124 260 3162 et
271 3115 408 3166 Thrasyllo.
421 3115 495 3157 Drusi
507 3113 646 3156 Germanici
651 3111 707 3169 filii
718 3111 853 3154 miseranda
864 3121 929 3152 mors
938 3123 951 3159 ,¹-
1024 3135 1026 3138 -

72 3183 130 3226 idem
143 3179 282 3236 Agrippina
292 3191 300 3218 .-
311 3183 335 3219 et
350 3178 377 3218 in
389 3173 514 3230 defunctos
521 3173 593 3229 foeda
607 3175 734 3216 insectatio
751 3172 850 3215 Tiberii.
867 3170 947 3215 Nerua

67 3240 243 3296 jureconsultus,
252 3240 378 3295 prosimus
387 3237 522 3279 amicarum
533 3233 644 3286 Casaris,
651 3231 796 3275 abstinentid
807 3229 854 3272 cibi
861 3237 946 3283 sponte
1014 3245 1016 3250 ·

70 3302 226 3356 exstinguitur.
240 3300 372 3351 Plancina,
388 3298 449 3340 alim
462 3293 555 3350 infesta
575 3293 730 3342 Germanico,
747 3290 792 3338 suci
802 3301 876 3330 manu
887 3299 943 3330 sem

70 3366 141 3422 mis
153 3362 225 3422 qu'dm
235 3361 360 3409 imnserita
368 3356 489 3416 supplicia
497 3353 621 3412 persolvit.
640 3353 745 3462 Alipnolp
753 3353 859 3458 crgtcrmn
871 3347 941 3392 illus·
1017 3405 1019 3412 γ

136 3581 141 3601 i
