2100 3709
71 91 143 164 598··
364 95 409 132 ·c.
431 91 528 151 conr.
550 84 665 126 riores

66 183 212 255 constantii
221 189 352 250 perruptas
362 177 455 243 Alpes,
464 180 613 236 occupatam
623 161 724 216 ltaliam
731 195 739 221 ‚
753 161 894 220 intercepta
909 153 983 204 Ger-

73 276 208 314 manorum
229 259 410 316 Raetorumque
431 247 533 297 auxilia.
554 240 631 308 Quid
653 235 784 286 discordes
803 231 983 296 dispersasque

75 336 172 388 Vitellii
187 333 297 398 legiones
315 326 425 392 equestri
444 319 570 388 procelli,
582 331 644 364 mox
660 312 774 380 peditum
791 308 830 367 vi,
847 320 893 371 per
911 301 983 348 diem

75 421 240 470 noctemque,
256 402 377 458 fudisset,
395 397 421 445 id
441 391 659 462 pulcherrimum,
676 397 701 433 et
718 384 758 432 sui
773 379 867 446 operis.
887 375 984 424 Casum

73 485 203 532 Cremona
217 479 285 527 bello
300 470 477 539 imputandum
490 485 495 515 ι
508 465 604 529 majore
623 461 733 518 damno,
748 455 859 522 plurium
876 447 984 497 urbium

75 554 198 613 excidiis,
210 563 307 601 veteres
321 547 417 596 civium
434 539 573 590 discordias
589 533 733 602 reipublice
750 529 856 578 stetisse.
876 523 938 572 Non
959 533 984 566 se

74 629 186 687 nuntiis,
201 641 282 689 neque
294 619 409 686 epistolis
420 654 427 677 ‚
439 615 485 664 sed
496 628 574 662 manu
586 621 611 657 et
623 607 698 656 armis
709 600 856 670 imperatori
867 612 916 646 suo
930 596 984 642 mi·

73 703 147 752 litare
160 717 166 748 :
185 716 266 763 neque
283 697 380 743 officere
392 692 477 756 gloria
485 695 594 757 eorum,
608 683 650 748 qui
660 680 747 729 Asiam
761 673 863 724 interim
873 684 985 733 compo-

74 777 186 824 suerint:
198 774 248 821 illis
262 770 354 819 Moesia
366 780 455 833 pacem
465 802 472 828 ‚
484 762 533 811 sibi
546 760 652 806 salutem
662 744 873 812 securitatemque
885 743 970 790 Italiae
977 775 986 798 ,

73 851 147 900 cordi
158 851 243 912 luisse.
258 849 314 896 Suis
325 838 545 892 exhortationibus
556 833 650 883 Gallias
662 827 845 894 Hispaniasque
857 817 985 879 ,validis-

73 927 163 976 simam
180 937 303 973 terrarum
316 929 432 984 partem,
446 914 477 962 ad
490 909 675 975 Vespasianum
692 915 832 950 conversas.
853 891 904 942 Sed
919 890 987 938 ceci·

75 999 141 1047 disse
152 1001 177 1046 iu
187 999 288 1044 irritum
298 993 408 1050 labores,
418 990 438 1035 si
447 985 549 1053 praemia
560 978 733 1048 periculorum
743 974 790 1024 soli
800 969 986 1032 adsequantur,

75 1073 118 1138 qui
132 1071 249 1138 periculis
264 1085 314 1116 non
327 1065 484 1114 adfuerint».
499 1061 552 1109 Nec
569 1055 680 1106 fefellere
701 1068 729 1100 ea
744 1047 910 1098 Mucianum:
925 1039 985 1088 inde

76 1163 164 1211 graves
176 1145 331 1199 sinrultates3
345 1155 406 1204 quas
418 1134 546 1186 Antonius
557 1125 712 1196 simplicius,
725 1125 859 1174 Mucianus
873 1113 985 1174 callide,

76 1219 157 1284 edquc
168 1213 352 1286 implacabilius
364 1212 500 1262 nutriebat.
718 1259 725 1272 '
960 1239 965 1247 ,

105 1293 176 1346 LIV.
205 1294 240 1343 rit
256 1291 392 1350 Vitellius,
412 1285 498 1335 fractis
514 1280 583 1348 apud
599 1281 752 1329 Cremonam
770 1269 859 1322 rebus,
877 1265 987 1312 nuntios

75 1366 155 1417 cladis
172 1369 315 1423 occultaris,
334 1361 411 1410 stulti
433 1356 649 1414 dissimulatione,
666 1344 777 1401 remedie
794 1337 881 1406 potiris
896 1337 986 1384 malu-

72 1459 145 1501 rum,
157 1441 232 1507 quim
242 1440 319 1496 male,
328 1434 468 1484 differebat.
479 1431 578 1496 Quippe
588 1423 718 1482 confitenti
727 1415 932 1475 consultantique·
943 1427 989 1457 su·

73 1525 194 1582 pererant
207 1531 264 1581 spes
279 1515 395 1573 viresque
410 1521 507 1569 :quum
521 1502 535 1550 e
550 1499 676 1549 contrario
689 1496 745 1543 laeta
759 1488 844 1538 omnia
856 1486 966 1549 fingeret
979 1520 987 1542 ,

74 1589 144 1639 lalsis
153 1588 351 1655 ingravescebat.
362 1582 458 1630 Mirum
469 1576 537 1644 apud
547 1578 630 1640 ipsum
641 1572 671 1619 de
682 1568 750 1616 bellu
761 1559 889 1613 silentium
900 1577 906 1606 ι
918 1573 986 1624 pro-

73 1661 152 1712 hibiti
163 1681 207 1728 per
216 1665 344 1719 civitatem
356 1669 497 1707 sermones,
510 1648 590 1712 edque
603 1646 688 1712 plures
702 1659 708 1688 :
721 1657 766 1696 ac,
778 1641 797 1688 si
810 1638 910 1690 liceret,
923 1631 985 1680 v'era

74 1739 200 1785 narraturi
209 1773 215 1795 ,
225 1736 283 1799 quia
292 1733 452 1786 vetabantur,
463 1723 588 1772 atrociora
596 1719 769 1782 vulgaverant.
777 1711 830 1761 Nec
838 1709 914 1756 duces
923 1706 986 1755 lios-

37 1819 39 1824 “
77 1811 142 1858 tium
159 1806 277 1873 augendae
294 1806 363 1853 lanrae
379 1802 496 1852 deerant,
511 1806 598 1859 captos
611 1789 712 1840 Vitellii
723 1787 910 1852 exploratores,
929 1781 985 1829 cir-

78 1883 294 1943 cumductosque,
310 1890 338 1926 ut
351 1875 441 1923 robora
461 1869 565 1916 victoris
587 1861 712 1912 exercitiis
727 1869 877 1914 noscerent,
890 1855 985 1904 remit-

79 1956 157 2003 tendo
175 1973 181 2000 z
200 1969 262 2016 quos
280 1953 368 1997 omnes
384 1944 522 2000 Vitellius,
544 1937 647 1988 secretd'
660 1944 838 2003 percunctatus
850 1929 987 1989 „interfici
1040 1969 1041 1978 ,

76 2029 159 2096 jussit.
172 2025 284 2075 Notabili
296 2019 439 2072 constantii
452 2016 575 2076 centurio,
590 2012 672 2062 Julius
686 2011 806 2076 Agrestis,
819 2017 877 2071 post
889 2005 987 2052 multos
1040 2029 1041 2046 r

77 2119 219 2159 sermones,
230 2099 321 2164 quibus
330 2094 466 2147 Vitellium
477 2090 509 2138 ad
519 2091 641 2140 virtutem
650 2085 741 2134 l'rustra
751 2082 912 2138 accendebat,
924 2095 988 2145 per·

77 2176 157 2242 pulit,
170 2187 199 2224 ut
209 2173 241 2225 ad
256 2175 321 2221 vires
333 2169 448 2217 hostium
460 2161 627 2230 spectandas,
643 2175 745 2224 quaeque
755 2155 821 2224 apud
831 2159 987 2205 Cremonam

76 2263 133 2299 actu
145 2247 241 2304 forent,
252 2250 305 2312 ipse
315 2245 470 2292 mitteretur.
481 2237 533 2286 Nec
544 2235 717 2300 exploratione
725 2229 823 2280 occulti
834 2227 920 2281 lallere
931 2227 988 2275 An·

78 2327 180 2375 tunium
193 2322 300 2370 tentavit
309 2356 315 2377 ‚
332 2317 377 2366 sed
390 2334 406 2364 u
416 2312 535 2362 mandata
545 2310 704 2375 imperatoris
715 2319 838 2369 suumque
847 2305 987 2354 animumn

65 2422 67 2427 ,
79 2399 216 2466 professus,
230 2413 243 2445 o
253 2407 281 2444 ut
293 2403 384 2442 cuncta
395 2392 487 2439 viseret
495 2403 521 2448 u,
532 2383 653 2452 postulat.
665 2383 747 2434 Missi,
755 2381 798 2444 qui
807 2380 892 2427 locum
902 2377 992 2442 praelii,

81 2475 212 2522 Cremonae
223 2471 346 2535 remigia,
359 2479 444 2533 captas
456 2465 569 2530 legiones
583 2455 754 2509 ostenderent.
769 2452 884 2518 Agrestis
894 2452 928 2504 ad
937 2455 992 2503 Vi.

80 2549 179 2596 tellium
193 2547 328 2601 remearit,
341 2540 511 2602 abnuentique
523 2550 605 2584 svera
617 2546 670 2580 esse
682 2547 735 2593 quac
752 2529 861 2578 adferret
870 2545 900 2588 u,
914 2541 994 2593 atque
1040 2519 1041 2572 l

82 2623 150 2670 ultro
163 2629 350 2684 «corruptumst
364 2613 494 2678 arguenti3
505 2604 762 2672 «quandoquidem»,
772 2604 864 2666 inquit,
877 2621 995 2668 «magno
1040 2633 1041 2644 .

82 2693 237 2740 documento
250 2707 313 2755 opus
327 2699 378 2746 cst,
391 2701 437 2734 nec
449 2685 511 2730 alius
523 2681 573 2743 iam
583 2679 628 2726 tibi
639 2690 682 2725 aut
692 2678 761 2731 vita,
772 2687 814 2723 nist
826 2678 917 2723 mortis
929 2693 994 2725 mers

82 2779 158 2822 usus,
171 2763 237 2810 dabo
252 2761 294 2808 cui
311 2758 398 2806 credas
408 2774 423 2804 u
439 2773 445 2802 t
459 2765 534 2817 atque
549 2753 586 2799 its·
597 2749 723 2814 digressus
732 2747 895 2806 ,voluntarii
910 2763 1000 2799 morte

83 2837 150 2885 dicta
170 2836 290 2884 firmavit.
312 2831 424 2896 Quidam
435 2831 516 2901 jussu
544 2824 653 2878 Vitellii
673 2821 862 2892 interfectum
886 2821 917 2870 de
942 2825 994 2874 fide

84 2908 276 2971 constantiaque
288 2907 378 2954 eadem
388 2901 525 2952 tradidere.

85 2982 94 2993 ¹
119 2982 176 3032 LV.
193 2980 316 3031 Vitellius
325 3012 332 3037 ‚
341 2977 393 3026 ute
405 2990 494 3024 somno
506 2971 618 3030 excitus,
631 2970 753 3020 «lulium
767 2969 892 3036 priscum,
906 2981 932 3019 et
942 2970 991 3020 Αι.

84 3057 197 3124 pheuum
219 3055 329 3120 Varum,
350 3066 410 3103 cum
428 3044 621 3112 quatuordecim
641 3047 764 3110 praetoriis
782 3044 946 3108 cohortibus,
967 3057 993 3093 et

85 3131 205 3178 omnibus
228 3129 345 3192 equitum
362 3125 408 3171 alis
427 3119 543 3169 obsidere
561 3117 749 3182 Apenninum»)
771 3117 849 3182 iubet.
869 3118 962 3166 Secuta
981 3121 994 3168 is

86 3204 197 3250 classicis
208 3203 283 3266 legio.
296 3201 348 3247 Tot
359 3195 438 3244 millis
448 3202 613 3248 armatorum,
623 3193 686 3240 lecta
697 3193 768 3254 equis
779 3193 901 3254 virisque,
910 3193 930 3238 si
941 3191 992 3240 dux

87 3275 151 3322 alius
163 3273 239 3329 foret,
250 3271 487 3333 inserendoquoque
497 3267 565 3313 bello
574 3268 634 3312 setis
646 3267 783 3331 pollebant.
794 3267 890 3313 Celere
899 3264 993 3312 colrois

87 3359 137 3408 tes,
151 3347 315 3397 adtuendam
328 3333 430 3425 urbem,
445 3344 473 3394 la
484 3339 590 3394 Vitellio
598 3338 672 3390 fratri
680 3340 754 3390 dates
767 3337 823 3404 lpse
831 3351 838 3400 5
851 3338 937 3390 villule
949 3355 990 3388 so-
