2100 3709
297 35 536 77 ιιιιιοιιιιιιιιιι
556 41 621 77 ιιι.
646 40 688 97 ιι.
816 72 820 83 ,
895 29 943 101 437

17 123 89 181 sula,
101 102 267 213 quanquam
284 128 407 212 plerique
417 131 500 194 lugam
522 129 948 190 suadebant,audendum1atuss
971 164 975 167 ⁴

17 196 113 246 rocatai
128 201 273 261 concione,
283 202 309 249 in
322 200 389 251 bunc
400 203 505 251 modum
518 204 648 252 disseruit.

46 272 156 323 LVIII
171 274 945 344 «Nunquamapuclvosverbafeci,autprovobissollicitior,

17 355 63 396 aut
81 363 137 411 pro
157 364 200 397 me
213 350 334 399 securior.
351 350 416 400 Nam
432 350 495 400 mihi
510 353 617 401 esitium
632 354 731 419 parari,
749 354 830 401 libens
848 352 946 415 audio,

17 431 190 486 nortemque
201 421 227 472 in
237 435 276 473 tot
286 425 360 475 malis
371 424 502 494 (hostiurn)
513 436 543 477 ut
553 430 628 477 finem
640 430 801 479 miseriarum
811 440 942 493 exspecto.

17 492 108 545 Vestri
119 512 166 545 me
175 496 255 562 pudet
265 498 429 563 miseretque,
443 498 562 557 adsersus
578 518 640 567 quos
653 513 704 551 usn
713 502 829 567 praelium
839 509 864 550 et
874 501 941 549 acies

17 580 163 631 parantum
172 568 673 655 idenimlasarmorum‚etjushostium:
680 572 945 639 bellumcumpopulo

17 640 144 690 Romano
154 645 245 693 vestris
253 662 279 694 se
289 647 404 695 manibus
413 660 542 713 gesturum
553 650 678 697 Classicus
686 661 770 715 sperat
779 668 783 698 :
792 649 941 715 imperium-

17 724 65 779 que·
79 724 109 761 et
112 709 310 773 sacramentum
321 720 461 771 Galliarum
470 733 590 772 ostentat.
604 720 677 771 Adeo
688 739 751 781 nos,
764 726 785 771 si
798 718 918 771 fortuna'
910 739 937 769 ιιι

17 803 136 853 praesens
147 791 278 855 virtusque
287 790 411 856 deseruit,
423 797 499 845 etiam
509 807 594 844 vetera
604 796 720 861 exempla
730 795 864 860 deficiunt,
875 812 941 859 quo

17 863 90 907 tiens
98 860 225 915 Romanae
234 864 345 947 legiones
355 866 435 931 perire
443 884 473 933 pr
475 869 653 933 aeoptaveriut,
663 884 694 917 ne
705 869 763 919 loco
772 865 946 935 pellerentur?

17 934 89 983 Socii
100 952 168 1001 saepe
176 937 271 999 nostri,
281 937 393 999 exscindi
400 956 429 987 ιιι
431 940 475 989 bes
485 958 555 1000 suas,
566 956 641 1005 seque
650 955 710 990 cum
719 942 868 1007 eopjugibus
876 957 904 989 ac
913 942 948 990 li·

17 1008 91 1057 beris
99 1025 211 1059 cremari
204 974 392 1075 pertulerunt5
401 1011 560 1075 nequealiud
566 1025 676 1075 pretium
687 1013 783 1077 exitiis,
795 1014 871 1079 quam
881 1012 946 1065 fides

17 1079 155 1145 famaque.
166 1081 289 1129 Toleraut
298 1097 378 1145 quum
388 1081 497 1130 maxime
508 1084 619 1166 inopiam
630 1084 806 1149 obsidiumque
817 1087 884 1151 apud
893 1087 946 1137 Ve-

17 1156 222 1218 teialegiones,
230 1165 381 1203 necterrore
392 1155 575 1220 autpromissrs
585 1155 760 1205 demorentur
770 1159 859 1220 Nobis,
868 1176 944 1226 super
1004 1163 1007 1167 ’

17 1244 96 1275 arma
112 1240 140 1277 et
155 1244 239 1287 viros
254 1240 280 1279 et
292 1244 390 1295 egressa
401 1241 541 1279 castrorum
558 1230 733 1291 munimenta,
747 1231 903 1281 frumentum
919 1246 945 1284 et

19 1314 190 1350 conimeatus
205 1303 320 1365 qualisvis
332 1304 409 1367 longo
420 1301 579 1367 bellopares.
591 1302 700 1351 Pecunia
715 1319 797 1367 nuper
810 1306 886 1352 etiam
899 1306 945 1352 do-

17 1376 112 1423 nativo
124 1373 239 1441 suiiecit3
251 1374 322 1442 quod
330 1376 382 1425 sive
394 1375 407 1425 ai
418 1376 591 1441 Vespasiano,
600 1376 679 1427 ‚sirei
688 1377 795 1432 Vitellio
806 1378 893 1431 datum
902 1380 944 1430 in-

18 1448 164 1512 terpretari
180 1449 299 1496 mavultis
307 1485 315 1513 ,
326 1450 357 1497 ab
374 1449 524 1515 imperatore
536 1448 728 1499 certeRomano
741 1447 883 1516 accepistis.
892 1453 943 1503 Tot
966 1502 972 1505 ,
989 1498 992 1501 ,

17 1522 155 1570 bellorum
166 1521 291 1582 victores,
313 1523 379 1590 apud
390 1523 549 1585 Geldubam,
566 1522 634 1589 apud
648 1524 754 1587 Vetera,
773 1524 829 1573 suso
847 1526 940 1575 totiens
973 1543 975 1545 ’

19 1596 113 1656 hoste,
123 1595 144 1643 si
154 1597 252 1661 pavetis
260 1598 352 1663 aciem,
362 1597 493 1663 indignum
502 1597 527 1646 id
535 1598 637 1661 quidem
650 1597 707 1647 :sed
718 1610 755 1647 est
766 1599 858 1647 vallum
866 1601 944 1648 muri·

19 1687 89 1735 que,
102 1681 127 1718 et
135 1670 253 1721 trahendi
262 1683 343 1731 artes,
354 1672 435 1721 donec
442 1672 455 1719 ὲ
462 1674 585 1737 proximis
591 1674 730 1739 provinciis
739 1674 834 1722 auxilia
843 1676 942 1722 exerci-

21 1754 119 1805 tusque
131 1756 291 1795 concurrant.
301 1742 364 1792 Saue
372 1760 420 1810 ego
432 1744 595 1810 displiceam:
608 1746 717 1795 suntalii
727 1746 817 1809 legati,
831 1746 943 1811 tribuni,

22 1818 145 1867 centurio
155 1816 276 1883 denique,
287 1830 330 1867 aut
339 1820 420 1870 miles.
428 1820 466 1869 Ne
476 1819 524 1869 hoc
533 1820 676 1886 prodigium
683 1832 739 1869 toto
749 1821 947 1875 terrarumorbe

22 1892 162 1955 vulgetur,
175 1885 247 1939 v'obis
254 1892 418 1953 satellitibus,
428 1894 537 1942 Civilem
546 1900 574 1944 et
582 1895 721 1945 Classicum
732 1894 846 1943 Italiam
839 1911 944 1979 mvasp

22 1981 82 2015 ros
90 1963 160 2012 An
141 1980 162 2011 si
171 1963 203 2011 ad
212 1965 303 2012 moenia
312 1963 381 2011 urbis
391 1964 511 2011 Germani
520 1966 773 2047 Galliqueduxerint,
782 1984 849 2017 arma
856 1952 943 2033 patriae

24 2033 169 2087 inferetis?
184 2036 277 2083 Horret
292 2035 390 2082 animus
406 2035 471 2082 tanti
484 2034 597 2097 flagitii
591 2038 709 2099 imagine
725 2037 817 2087 Tutori
830 2042 942 2090 Treuero
994 2083 997 2090 ,.

25 2122 136 2179 agentur
145 2100 282 2158 excubia?
280 2110 387 2173 Signum
398 2108 460 2156 belli
471 2109 582 2157 Batavus
593 2106 686 2162 dabit?
700 2110 887 2160 Germanorum
899 2128 943 2159 ca·

24 2200 114 2236 terras
123 2180 290 2250 supplebitis?
300 2182 357 2247 quis
367 2180 459 2230 deinde
468 2181 571 2230 sceleris
580 2179 684 2230 exitus?
693 2198 772 2246 quum
779 2183 898 2233 Romane
905 2187 945 2235 le·

26 2262 118 2327 giones
130 2255 216 2307 contris
232 2255 389 2306 direxerint
403 2242 536 2321 transfugae
546 2253 721 2321 bnanslugis,
734 2267 760 2304 et
770 2254 936 2341 proditores
927 2276 942 2309 e

27 2334 219 2407 proditoribus,
230 2334 296 2382 inter
307 2349 393 2383 recens
404 2345 429 2382 et
444 2345 523 2381 vetus
529 2344 715 2380 sacramentum
725 2332 801 2379 invisi
794 2330 867 2379 'deis
876 2349 943 2381 erra·

27 2401 114 2459 bitis?
126 2408 175 2468 Te,
188 2409 286 2475 Jupiter·
296 2413 393 2476 optime
405 2409 514 2459 maxime
520 2445 529 2468 ‚
537 2424 613 2471 quem
623 2423 668 2472 per
675 2407 834 2469 octingentos
845 2408 942 2473 vigenti

29 2499 112 2534 anuos
117 2516 126 2544 ‚
138 2492 173 2530 tot
186 2482 321 2549 triumphis
333 2483 471 2531 coluimus·
465 2495 523 2547 ,te,
534 2481 660 2542 Quirine,
669 2482 789 2528 Romanae
799 2496 888 2545 pareus
897 2498 942 2530 ur·

28 2558 89 2613 bis,
100 2571 184 2621 precor
200 2572 368 2622 venerorque,
382 2569 409 2604 ut
422 2558 443 2603 si
456 2556 528 2605 vobis
543 2552 644 2604 nonfuit
658 2553 743 2614 cordi,
758 2569 800 2604 me
812 2553 875 2601 duce
887 2553 940 2603 baec

29 2641 113 2679 castra
121 2626 260 2695 incorrupta
270 2640 294 2677 et
305 2630 453 2679 intemerata
465 2630 572 2695 serrari,
583 2641 608 2677 at
616 2627 682 2676 certe
691 2628 772 2693 pollui
780 2624 916 2691 foedarique
925 2626 940 2676 ai

31 2704 129 2751 Tutore
138 2712 161 2748 et
173 2702 282 2751 Classico
292 2709 324 2751 ιιιΙ
333 2704 429 2751 sinatis.
446 2702 571 2753 Militibus
581 2702 703 2751 Romanis
714 2712 757 2750 aut
770 2701 939 2752 innocentiam

33 2774 167 2830 desinaus
179 2788 318 2837 maturam,
330 2788 356 2825 et
370 2777 422 2825 sine
435 2775 501 2826 nord
511 2777 685 2843 poenitentiam
699 2791 726 2825 ι).

67 2846 216 2899 ΙιΙΧΝιιίὲ
225 2862 328 2916 excepta
338 2851 419 2899 oratio
427 2852 493 2899 inter
502 2867 573 2916 spem
581 2888 589 2915 ,
599 2863 756 2915 metumque,
766 2866 794 2898 ac
803 2847 938 2916 pudorem.

35 2922 178 2986 Digressum
189 2924 331 2985 Voculam,
346 2936 371 2973 et
386 2924 416 2973 de
430 2925 553 2990 supremis
569 2928 719 2991 agitantem,
728 2925 814 2973 liberti
824 2925 939 2987 servique

32 2995 178 3066 prohibuere
188 2996 350 3047 foedissimam
362 3012 472 3047 mortem
482 3012 572 3065 sponte
588 3003 736 3067 praereuire.
748 3002 782 3048 Et
794 3000 920 3047 Classicus
927 3031 936 3055 ,

36 3072 114 3123 misso
122 3070 218 3119 AEmilio
225 3073 354 3139 Longino,
363 3072 490 3121 desertore
498 3074 587 3139 primae
594 3075 714 3140 legionis,
724 3072 817 3121 caedem
825 3070 878 3131 ejus
886 3085 939 3117 ma-

23 3144 138 3197 ·turavit.
148 3144 317 3209 Herennium,
326 3160 352 3197 et
361 3148 504 3197 Numisium
513 3149 643 3214 ‚legatos,
656 3148 761 3205 vinciri,
772 3145 832 3193 satis
842 3145 937 3198 risum.

38 3218 118 3277 Dein,
129 3221 231 3284 sumptis
245 3221 371 3269 Romani
365 3220 465 3285 imperii
479 3221 637 3285 insignibus,
654 3220 682 3267 in
693 3232 775 3268 castra
791 3216 869 3265 venit
881 3214 938 3265 Nec

39 3293 93 3350 itti,
106 3306 239 3360 quanquam
253 3293 284 3346 ad
302 3311 377 3349 omne
389 3292 484 3385 lacinus
497 3294 605 3361 durato,
617 3295 694 3347 rerba
675 3288 937 3417 alp-gizsuppedita
