<?xml version="1.0" encoding="UTF-8"?>
<!DOCTYPE html PUBLIC "-//W3C//DTD XHTML 1.0 Transitional//EN"
    "http://www.w3.org/TR/xhtml1/DTD/xhtml1-transitional.dtd">
<html xmlns="http://www.w3.org/1999/xhtml" xml:lang="en" lang="en">
 <head>
  <title>
</title>
<meta http-equiv="Content-Type" content="text/html;charset=utf-8" />
  <meta name='ocr-system' content='tesseract 3.04.00' />
  <meta name='ocr-capabilities' content='ocr_page ocr_carea ocr_par ocr_line ocrx_word'/>
</head>
<body>
  <div class='ocr_page' id='page_1' title='image "./ccorntacitioper00brotgoog_0307.png"; bbox 0 0 2100 3709; ppageno 0'>
   <div class='ocr_carea' id='block_1_1' title="bbox 80 42 1041 135">
    <p class='ocr_par' dir='ltr' id='par_1_1' title="bbox 80 42 1041 135">
     <span class='ocr_line' id='line_1_1' title="bbox 80 42 1041 135; baseline -0.012 -39"><span class='ocrx_word' id='word_1_1' title='bbox 80 42 130 97; x_wconf 79' lang='lat'>508</span> <span class='ocrx_word' id='word_1_2' title='bbox 177 64 178 67; x_wconf 45' lang='lat'>¹</span> <span class='ocrx_word' id='word_1_3' title='bbox 396 56 422 95; x_wconf 87' lang='lat' dir='ltr'>c.</span> <span class='ocrx_word' id='word_1_4' title='bbox 441 55 536 93; x_wconf 76' lang='lat' dir='ltr'>cona.</span> <span class='ocrx_word' id='word_1_5' title='bbox 554 51 669 91; x_wconf 80' lang='lat' dir='ltr'>atcrrr</span> <span class='ocrx_word' id='word_1_6' title='bbox 1040 80 1041 135; x_wconf 72' lang='lat'>,</span> 
     </span>
    </p>
   </div>
   <div class='ocr_carea' id='block_1_2' title="bbox 40 134 1041 3379">
    <p class='ocr_par' dir='ltr' id='par_1_2' title="bbox 80 134 1041 863">
     <span class='ocr_line' id='line_1_2' title="bbox 81 134 1041 205; baseline -0.007 -15"><span class='ocrx_word' id='word_1_7' title='bbox 81 139 233 191; x_wconf 75' lang='lat' dir='ltr'>candissimi</span> <span class='ocrx_word' id='word_1_8' title='bbox 243 139 386 205; x_wconf 71' lang='lat' dir='ltr'>Campaniae</span> <span class='ocrx_word' id='word_1_9' title='bbox 398 139 442 187; x_wconf 76' lang='lat' dir='ltr'>ord</span> <span class='ocrx_word' id='word_1_10' title='bbox 453 154 459 188; x_wconf 77' lang='grc' dir='ltr'><strong><em>ε</em></strong></span> <span class='ocrx_word' id='word_1_11' title='bbox 471 150 497 187; x_wconf 88' lang='lat' dir='ltr'>et</span> <span class='ocrx_word' id='word_1_12' title='bbox 506 139 566 187; x_wconf 90' lang='lat' dir='ltr'>urbs</span> <span class='ocrx_word' id='word_1_13' title='bbox 575 138 697 187; x_wconf 86' lang='lat' dir='ltr'>incendiis</span> <span class='ocrx_word' id='word_1_14' title='bbox 709 148 818 197; x_wconf 81' lang='lat' dir='ltr'>vastata,</span> <span class='ocrx_word' id='word_1_15' title='bbox 828 134 1018 201; x_wconf 71' lang='lat' dir='ltr'><strong>consumptis</strong></span> <span class='ocrx_word' id='word_1_16' title='bbox 1040 136 1041 183; x_wconf 90' lang='lat' dir='ltr'>l</span> 
     </span>
     <span class='ocr_line' id='line_1_3' title="bbox 80 212 1009 278; baseline -0.008 -15"><span class='ocrx_word' id='word_1_17' title='bbox 80 216 265 278; x_wconf 76' lang='lat' dir='ltr'>antiquissimis</span> <span class='ocrx_word' id='word_1_18' title='bbox 279 214 403 271; x_wconf 84' lang='lat' dir='ltr'>delubris,</span> <span class='ocrx_word' id='word_1_19' title='bbox 416 214 471 277; x_wconf 89' lang='lat' dir='ltr'>ipso</span> <span class='ocrx_word' id='word_1_20' title='bbox 486 213 611 275; x_wconf 84' lang='lat' dir='ltr'>Capitolio</span> <span class='ocrx_word' id='word_1_21' title='bbox 623 214 718 259; x_wconf 88' lang='lat' dir='ltr'>civium</span> <span class='ocrx_word' id='word_1_22' title='bbox 734 212 849 260; x_wconf 86' lang='lat' dir='ltr'>manibus</span> <span class='ocrx_word' id='word_1_23' title='bbox 864 213 973 259; x_wconf 87' lang='lat' dir='ltr'>incenso</span> <span class='ocrx_word' id='word_1_24' title='bbox 995 226 1009 257; x_wconf 89' lang='grc'>.-</span> 
     </span>
     <span class='ocr_line' id='line_1_4' title="bbox 80 284 1011 351; baseline -0.004 -18"><span class='ocrx_word' id='word_1_25' title='bbox 80 287 185 351; x_wconf 76' lang='lat' dir='ltr'>pollutae</span> <span class='ocrx_word' id='word_1_26' title='bbox 194 287 342 336; x_wconf 78' lang='lat' dir='ltr'>caerimoniae</span> <span class='ocrx_word' id='word_1_27' title='bbox 353 306 358 334; x_wconf 87' lang='lat'>:</span> <span class='ocrx_word' id='word_1_28' title='bbox 372 301 461 350; x_wconf 82' lang='lat' dir='ltr'>magna</span> <span class='ocrx_word' id='word_1_29' title='bbox 472 284 596 333; x_wconf 88' lang='lat' dir='ltr'>adulteria</span> <span class='ocrx_word' id='word_1_30' title='bbox 607 302 613 331; x_wconf 71' lang='grc' dir='ltr'><strong><em>ε</em></strong></span> <span class='ocrx_word' id='word_1_31' title='bbox 624 285 728 349; x_wconf 87' lang='lat' dir='ltr'>plenum</span> <span class='ocrx_word' id='word_1_32' title='bbox 739 286 834 333; x_wconf 80' lang='lat' dir='ltr'>exsiliis</span> <span class='ocrx_word' id='word_1_33' title='bbox 849 302 923 339; x_wconf 77' lang='lat' dir='ltr'>mare</span> <span class='ocrx_word' id='word_1_34' title='bbox 938 303 944 331; x_wconf 84' lang='grc'>;</span> <span class='ocrx_word' id='word_1_35' title='bbox 959 284 989 329; x_wconf 84' lang='lat' dir='ltr'>in</span> <span class='ocrx_word' id='word_1_36' title='bbox 997 309 1011 319; x_wconf 93' lang='lat'>-</span> 
     </span>
     <span class='ocr_line' id='line_1_5' title="bbox 81 356 1008 425; baseline -0.005 -18"><span class='ocrx_word' id='word_1_37' title='bbox 81 356 141 407; x_wconf 86' lang='lat' dir='ltr'>lecti</span> <span class='ocrx_word' id='word_1_38' title='bbox 150 357 257 407; x_wconf 73' lang='lat' dir='ltr'>caedibus</span> <span class='ocrx_word' id='word_1_39' title='bbox 269 361 368 425; x_wconf 89' lang='lat' dir='ltr'>scopuli</span> <span class='ocrx_word' id='word_1_40' title='bbox 379 378 385 406; x_wconf 75' lang='grc' dir='ltr'><strong><em>ι</em></strong></span> <span class='ocrx_word' id='word_1_41' title='bbox 397 357 506 407; x_wconf 77' lang='lat' dir='ltr'>atrocius</span> <span class='ocrx_word' id='word_1_42' title='bbox 518 360 544 405; x_wconf 90' lang='lat' dir='ltr'>in</span> <span class='ocrx_word' id='word_1_43' title='bbox 554 358 620 407; x_wconf 89' lang='lat' dir='ltr'>urbe</span> <span class='ocrx_word' id='word_1_44' title='bbox 631 358 753 405; x_wconf 73' lang='lat' dir='ltr'>saevitum.</span> <span class='ocrx_word' id='word_1_45' title='bbox 763 356 911 417; x_wconf 76' lang='lat' dir='ltr'>Nobilitas,</span> <span class='ocrx_word' id='word_1_46' title='bbox 923 372 1008 422; x_wconf 82' lang='lat' dir='ltr'>opes,</span> 
     </span>
     <span class='ocr_line' id='line_1_6' title="bbox 82 430 1007 497; baseline -0.004 -18"><span class='ocrx_word' id='word_1_47' title='bbox 82 432 168 479; x_wconf 88' lang='lat' dir='ltr'>omissi</span> <span class='ocrx_word' id='word_1_48' title='bbox 178 434 290 496; x_wconf 77' lang='lat' dir='ltr'>gestique</span> <span class='ocrx_word' id='word_1_49' title='bbox 301 433 410 482; x_wconf 86' lang='lat' dir='ltr'>bonores</span> <span class='ocrx_word' id='word_1_50' title='bbox 423 448 470 497; x_wconf 89' lang='lat' dir='ltr'>pro</span> <span class='ocrx_word' id='word_1_51' title='bbox 484 433 607 490; x_wconf 88' lang='lat' dir='ltr'>crimine,</span> <span class='ocrx_word' id='word_1_52' title='bbox 620 443 645 479; x_wconf 90' lang='lat' dir='ltr'>et</span> <span class='ocrx_word' id='word_1_53' title='bbox 655 431 688 479; x_wconf 93' lang='lat' dir='ltr'>ob</span> <span class='ocrx_word' id='word_1_54' title='bbox 700 434 807 479; x_wconf 78' lang='lat' dir='ltr'>virtutes</span> <span class='ocrx_word' id='word_1_55' title='bbox 819 430 1007 479; x_wconf 85' lang='lat' dir='ltr'>certissimum</span> 
     </span>
     <span class='ocr_line' id='line_1_7' title="bbox 81 502 1006 570; baseline -0.002 -19"><span class='ocrx_word' id='word_1_56' title='bbox 81 504 197 551; x_wconf 82' lang='lat' dir='ltr'>exitium.</span> <span class='ocrx_word' id='word_1_57' title='bbox 214 505 266 554; x_wconf 85' lang='lat' dir='ltr'>Nec</span> <span class='ocrx_word' id='word_1_58' title='bbox 284 507 368 556; x_wconf 82' lang='lat' dir='ltr'>miniss</span> <span class='ocrx_word' id='word_1_59' title='bbox 386 506 486 570; x_wconf 75' lang='lat' dir='ltr'>praemia</span> <span class='ocrx_word' id='word_1_60' title='bbox 503 504 645 554; x_wconf 87' lang='lat' dir='ltr'>delatorum</span> <span class='ocrx_word' id='word_1_61' title='bbox 667 505 761 563; x_wconf 86' lang='lat' dir='ltr'>invisa,</span> <span class='ocrx_word' id='word_1_62' title='bbox 783 502 859 565; x_wconf 76' lang='lat' dir='ltr'>quim</span> <span class='ocrx_word' id='word_1_63' title='bbox 876 503 976 551; x_wconf 85' lang='lat' dir='ltr'>scelera</span> <span class='ocrx_word' id='word_1_64' title='bbox 994 519 1006 549; x_wconf 70' lang='grc' dir='ltr'><strong><em>ι</em></strong></span> 
     </span>
     <span class='ocr_line' id='line_1_8' title="bbox 82 574 1007 643; baseline -0.002 -18"><span class='ocrx_word' id='word_1_65' title='bbox 82 593 162 640; x_wconf 83' lang='lat' dir='ltr'>quum</span> <span class='ocrx_word' id='word_1_66' title='bbox 176 579 221 642; x_wconf 81' lang='lat' dir='ltr'>alii</span> <span class='ocrx_word' id='word_1_67' title='bbox 239 580 379 629; x_wconf 87' lang='lat' dir='ltr'>sacerdotia</span> <span class='ocrx_word' id='word_1_68' title='bbox 389 592 416 627; x_wconf 89' lang='lat' dir='ltr'>et</span> <span class='ocrx_word' id='word_1_69' title='bbox 426 580 587 635; x_wconf 81' lang='lat' dir='ltr'>consulatus,</span> <span class='ocrx_word' id='word_1_70' title='bbox 604 590 632 625; x_wconf 88' lang='lat' dir='ltr'>ut</span> <span class='ocrx_word' id='word_1_71' title='bbox 642 576 720 643; x_wconf 80' lang='lat' dir='ltr'>spolia</span> <span class='ocrx_word' id='word_1_72' title='bbox 732 613 738 635; x_wconf 87' lang='lat'>,</span> <span class='ocrx_word' id='word_1_73' title='bbox 753 574 852 641; x_wconf 88' lang='lat' dir='ltr'>adepti,</span> <span class='ocrx_word' id='word_1_74' title='bbox 867 593 1007 643; x_wconf 86' lang='lat' dir='ltr'>procura-</span> 
     </span>
     <span class='ocr_line' id='line_1_9' title="bbox 84 648 1006 717; baseline -0.002 -20"><span class='ocrx_word' id='word_1_75' title='bbox 84 651 165 697; x_wconf 80' lang='lat' dir='ltr'>tiones</span> <span class='ocrx_word' id='word_1_76' title='bbox 175 649 218 697; x_wconf 88' lang='lat' dir='ltr'>alii</span> <span class='ocrx_word' id='word_1_77' title='bbox 229 664 254 699; x_wconf 90' lang='lat' dir='ltr'>et</span> <span class='ocrx_word' id='word_1_78' title='bbox 262 653 410 705; x_wconf 79' lang='lat' dir='ltr'>interiorem</span> <span class='ocrx_word' id='word_1_79' title='bbox 419 651 560 717; x_wconf 79' lang='lat' dir='ltr'>potentiam</span> <span class='ocrx_word' id='word_1_80' title='bbox 568 688 575 711; x_wconf 90' lang='lat'>,</span> <span class='ocrx_word' id='word_1_81' title='bbox 584 662 700 715; x_wconf 78' lang='lat' dir='ltr'>agerent,</span> <span class='ocrx_word' id='word_1_82' title='bbox 710 650 806 698; x_wconf 79' lang='lat' dir='ltr'>ferrent</span> <span class='ocrx_word' id='word_1_83' title='bbox 813 660 916 697; x_wconf 88' lang='lat' dir='ltr'>cuncta.</span> <span class='ocrx_word' id='word_1_84' title='bbox 929 648 1006 696; x_wconf 85' lang='lat' dir='ltr'>Odio</span> 
     </span>
     <span class='ocr_line' id='line_1_10' title="bbox 85 722 1006 791; baseline 0.002 -24"><span class='ocrx_word' id='word_1_85' title='bbox 85 732 112 768; x_wconf 86' lang='lat' dir='ltr'>et</span> <span class='ocrx_word' id='word_1_86' title='bbox 124 732 219 770; x_wconf 88' lang='lat' dir='ltr'>terrore</span> <span class='ocrx_word' id='word_1_87' title='bbox 231 727 345 791; x_wconf 73' lang='lat' dir='ltr'>corrupti</span> <span class='ocrx_word' id='word_1_88' title='bbox 358 727 384 774; x_wconf 88' lang='lat' dir='ltr'>in</span> <span class='ocrx_word' id='word_1_89' title='bbox 397 724 515 775; x_wconf 84' lang='lat' dir='ltr'>dominos</span> <span class='ocrx_word' id='word_1_90' title='bbox 524 726 600 783; x_wconf 86' lang='lat' dir='ltr'>servi,</span> <span class='ocrx_word' id='word_1_91' title='bbox 612 726 638 771; x_wconf 91' lang='lat' dir='ltr'>in</span> <span class='ocrx_word' id='word_1_92' title='bbox 649 734 772 789; x_wconf 87' lang='lat' dir='ltr'>patronos</span> <span class='ocrx_word' id='word_1_93' title='bbox 780 722 868 771; x_wconf 85' lang='lat' dir='ltr'>liberti</span> <span class='ocrx_word' id='word_1_94' title='bbox 880 742 885 771; x_wconf 72' lang='grc' dir='ltr'>ε</span> <span class='ocrx_word' id='word_1_95' title='bbox 897 734 924 769; x_wconf 86' lang='lat' dir='ltr'>et</span> <span class='ocrx_word' id='word_1_96' title='bbox 937 723 1006 786; x_wconf 92' lang='lat' dir='ltr'>qni-</span> 
     </span>
     <span class='ocr_line' id='line_1_11' title="bbox 85 792 676 863; baseline 0.008 -23"><span class='ocrx_word' id='word_1_97' title='bbox 85 792 231 843; x_wconf 71' lang='lat' dir='ltr'>bustense</span> <span class='ocrx_word' id='word_1_98' title='bbox 243 798 360 847; x_wconf 87' lang='lat' dir='ltr'>inimicus</span> <span class='ocrx_word' id='word_1_99' title='bbox 370 832 377 860; x_wconf 91' lang='lat'>,</span> <span class='ocrx_word' id='word_1_100' title='bbox 389 815 435 863; x_wconf 85' lang='lat' dir='ltr'>pes</span> <span class='ocrx_word' id='word_1_101' title='bbox 447 799 543 848; x_wconf 88' lang='lat' dir='ltr'>amicos</span> <span class='ocrx_word' id='word_1_102' title='bbox 554 798 676 863; x_wconf 70' lang='lat' dir='ltr'>oppressis</span> 
     </span>
    </p>

    <p class='ocr_par' dir='ltr' id='par_1_3' title="bbox 119 866 1004 927">
     <span class='ocr_line' id='line_1_12' title="bbox 119 866 1004 927; baseline -0.002 -8"><span class='ocrx_word' id='word_1_103' title='bbox 119 866 239 919; x_wconf 75' lang='lat' dir='ltr'>lli-‚Non</span> <span class='ocrx_word' id='word_1_104' title='bbox 256 883 339 921; x_wconf 86' lang='lat' dir='ltr'>tamen</span> <span class='ocrx_word' id='word_1_105' title='bbox 348 870 411 920; x_wconf 80' lang='lat' dir='ltr'>adesi</span> <span class='ocrx_word' id='word_1_106' title='bbox 424 873 548 919; x_wconf 84' lang='lat' dir='ltr'>virtutum</span> <span class='ocrx_word' id='word_1_107' title='bbox 565 871 649 919; x_wconf 83' lang='lat' dir='ltr'>sterile</span> <span class='ocrx_word' id='word_1_108' title='bbox 660 869 786 927; x_wconf 86' lang='lat' dir='ltr'>seculum,</span> <span class='ocrx_word' id='word_1_109' title='bbox 796 880 825 916; x_wconf 87' lang='lat' dir='ltr'>ut</span> <span class='ocrx_word' id='word_1_110' title='bbox 834 885 886 916; x_wconf 92' lang='lat' dir='ltr'>non</span> <span class='ocrx_word' id='word_1_111' title='bbox 894 873 921 915; x_wconf 84' lang='lat' dir='ltr'>et</span> <span class='ocrx_word' id='word_1_112' title='bbox 930 868 1004 917; x_wconf 72' lang='lat' dir='ltr'>bona</span> 
     </span>
    </p>

    <p class='ocr_par' dir='ltr' id='par_1_4' title="bbox 40 941 1041 1658">
     <span class='ocr_line' id='line_1_13' title="bbox 89 941 1041 1009; baseline -0.001 -23"><span class='ocrx_word' id='word_1_113' title='bbox 89 941 204 1005; x_wconf 73' lang='lat' dir='ltr'>exempla</span> <span class='ocrx_word' id='word_1_114' title='bbox 224 943 374 1007; x_wconf 77' lang='lat' dir='ltr'>prodiderit.</span> <span class='ocrx_word' id='word_1_115' title='bbox 387 945 520 1000; x_wconf 83' lang='lat' dir='ltr'>Comitata</span> <span class='ocrx_word' id='word_1_116' title='bbox 538 941 660 1009; x_wconf 77' lang='lat' dir='ltr'>profugos</span> <span class='ocrx_word' id='word_1_117' title='bbox 675 942 772 990; x_wconf 89' lang='lat' dir='ltr'>liberos</span> <span class='ocrx_word' id='word_1_118' title='bbox 782 953 891 990; x_wconf 86' lang='lat' dir='ltr'>matres:</span> <span class='ocrx_word' id='word_1_119' title='bbox 906 952 1003 990; x_wconf 80' lang='lat' dir='ltr'>secutae</span> <span class='ocrx_word' id='word_1_120' title='bbox 1040 972 1041 985; x_wconf 43' lang='lat' dir='ltr'>i</span> 
     </span>
     <span class='ocr_line' id='line_1_14' title="bbox 90 1012 1003 1081; baseline 0 -22"><span class='ocrx_word' id='word_1_121' title='bbox 90 1012 196 1061; x_wconf 88' lang='lat' dir='ltr'>maritos</span> <span class='ocrx_word' id='word_1_122' title='bbox 207 1015 232 1061; x_wconf 91' lang='lat' dir='ltr'>in</span> <span class='ocrx_word' id='word_1_123' title='bbox 245 1017 332 1065; x_wconf 81' lang='lat' dir='ltr'>exsilia</span> <span class='ocrx_word' id='word_1_124' title='bbox 343 1016 477 1081; x_wconf 74' lang='lat' dir='ltr'>conjuges:</span> <span class='ocrx_word' id='word_1_125' title='bbox 489 1016 623 1081; x_wconf 86' lang='lat' dir='ltr'>propinqui</span> <span class='ocrx_word' id='word_1_126' title='bbox 635 1014 756 1065; x_wconf 80' lang='lat' dir='ltr'>audentes</span> <span class='ocrx_word' id='word_1_127' title='bbox 768 1031 774 1061; x_wconf 91' lang='lat'>:</span> <span class='ocrx_word' id='word_1_128' title='bbox 792 1025 940 1063; x_wconf 75' lang='lat' dir='ltr'>constantes</span> <span class='ocrx_word' id='word_1_129' title='bbox 953 1029 1003 1077; x_wconf 81' lang='lat' dir='ltr'>ge-</span> 
     </span>
     <span class='ocr_line' id='line_1_15' title="bbox 90 1083 1005 1151; baseline 0.003 -21"><span class='ocrx_word' id='word_1_130' title='bbox 90 1083 145 1130; x_wconf 82' lang='lat' dir='ltr'>neri</span> <span class='ocrx_word' id='word_1_131' title='bbox 156 1101 169 1151; x_wconf 77' lang='lat'>².</span> <span class='ocrx_word' id='word_1_132' title='bbox 178 1097 327 1146; x_wconf 76' lang='lat' dir='ltr'>contumax,</span> <span class='ocrx_word' id='word_1_133' title='bbox 339 1090 417 1137; x_wconf 86' lang='lat' dir='ltr'>etiam</span> <span class='ocrx_word' id='word_1_134' title='bbox 434 1085 554 1137; x_wconf 77' lang='lat' dir='ltr'>adversio</span> <span class='ocrx_word' id='word_1_135' title='bbox 564 1098 704 1143; x_wconf 85' lang='lat' dir='ltr'>tormenta,</span> <span class='ocrx_word' id='word_1_136' title='bbox 716 1102 845 1133; x_wconf 81' lang='lat' dir='ltr'>sertorum</span> <span class='ocrx_word' id='word_1_137' title='bbox 860 1085 923 1133; x_wconf 87' lang='lat' dir='ltr'>fides</span> <span class='ocrx_word' id='word_1_138' title='bbox 935 1104 942 1134; x_wconf 92' lang='lat'>:</span> <span class='ocrx_word' id='word_1_139' title='bbox 957 1102 1005 1133; x_wconf 85' lang='lat' dir='ltr'>su-</span> 
     </span>
     <span class='ocr_line' id='line_1_16' title="bbox 91 1156 1003 1222; baseline 0.003 -22"><span class='ocrx_word' id='word_1_140' title='bbox 91 1168 184 1217; x_wconf 84' lang='lat' dir='ltr'>premae</span> <span class='ocrx_word' id='word_1_141' title='bbox 196 1158 322 1207; x_wconf 80' lang='lat' dir='ltr'>clarorum</span> <span class='ocrx_word' id='word_1_142' title='bbox 330 1161 443 1208; x_wconf 83' lang='lat' dir='ltr'>vitorum</span> <span class='ocrx_word' id='word_1_143' title='bbox 454 1159 631 1213; x_wconf 75' lang='lat' dir='ltr'>necessitates:</span> <span class='ocrx_word' id='word_1_144' title='bbox 646 1158 699 1222; x_wconf 82' lang='lat' dir='ltr'>ipsa</span> <span class='ocrx_word' id='word_1_145' title='bbox 708 1158 842 1205; x_wconf 78' lang='lat' dir='ltr'>necessitas</span> <span class='ocrx_word' id='word_1_146' title='bbox 852 1156 955 1203; x_wconf 81' lang='lat' dir='ltr'>fortiter</span> <span class='ocrx_word' id='word_1_147' title='bbox 966 1168 1003 1204; x_wconf 92' lang='lat' dir='ltr'>tc·</span> 
     </span>
     <span class='ocr_line' id='line_1_17' title="bbox 75 1227 1002 1296; baseline 0.004 -25"><span class='ocrx_word' id='word_1_148' title='bbox 75 1227 189 1275; x_wconf 73' lang='lat' dir='ltr'>llerata:</span> <span class='ocrx_word' id='word_1_149' title='bbox 209 1243 235 1278; x_wconf 87' lang='lat' dir='ltr'>et</span> <span class='ocrx_word' id='word_1_150' title='bbox 250 1228 360 1279; x_wconf 79' lang='lat' dir='ltr'>laudatis</span> <span class='ocrx_word' id='word_1_151' title='bbox 377 1232 541 1296; x_wconf 83' lang='lat' dir='ltr'>antiquorum</span> <span class='ocrx_word' id='word_1_152' title='bbox 563 1230 689 1279; x_wconf 85' lang='lat' dir='ltr'>mortibus</span> <span class='ocrx_word' id='word_1_153' title='bbox 705 1246 778 1295; x_wconf 84' lang='lat' dir='ltr'>pares</span> <span class='ocrx_word' id='word_1_154' title='bbox 796 1230 887 1277; x_wconf 81' lang='lat' dir='ltr'>exitus.</span> <span class='ocrx_word' id='word_1_155' title='bbox 908 1230 1002 1275; x_wconf 74' lang='lat' dir='ltr'>Praeter</span> 
     </span>
     <span class='ocr_line' id='line_1_18' title="bbox 93 1299 1003 1364; baseline 0 -17"><span class='ocrx_word' id='word_1_156' title='bbox 93 1299 248 1363; x_wconf 77' lang='lat' dir='ltr'>multiplices</span> <span class='ocrx_word' id='word_1_157' title='bbox 256 1320 341 1352; x_wconf 85' lang='lat' dir='ltr'>rerum</span> <span class='ocrx_word' id='word_1_158' title='bbox 350 1302 518 1354; x_wconf 84' lang='lat' dir='ltr'>humanarum</span> <span class='ocrx_word' id='word_1_159' title='bbox 529 1318 615 1361; x_wconf 85' lang='lat' dir='ltr'>casus,</span> <span class='ocrx_word' id='word_1_160' title='bbox 631 1302 694 1349; x_wconf 88' lang='lat' dir='ltr'>coelo</span> <span class='ocrx_word' id='word_1_161' title='bbox 707 1300 819 1363; x_wconf 75' lang='lat' dir='ltr'>terraique</span> <span class='ocrx_word' id='word_1_162' title='bbox 834 1300 967 1364; x_wconf 81' lang='lat' dir='ltr'>prodigia,</span> <span class='ocrx_word' id='word_1_163' title='bbox 979 1311 1003 1347; x_wconf 91' lang='lat' dir='ltr'>et</span> 
     </span>
     <span class='ocr_line' id='line_1_19' title="bbox 94 1367 1041 1447; baseline 0.001 -29"><span class='ocrx_word' id='word_1_164' title='bbox 94 1367 231 1421; x_wconf 78' lang='lat' dir='ltr'>fulminum</span> <span class='ocrx_word' id='word_1_165' title='bbox 243 1378 355 1425; x_wconf 79' lang='lat' dir='ltr'>monitus</span> <span class='ocrx_word' id='word_1_166' title='bbox 364 1412 374 1434; x_wconf 86' lang='lat'>,</span> <span class='ocrx_word' id='word_1_167' title='bbox 385 1386 412 1424; x_wconf 84' lang='lat' dir='ltr'>et</span> <span class='ocrx_word' id='word_1_168' title='bbox 420 1375 563 1424; x_wconf 71' lang='lat' dir='ltr'>futurorum</span> <span class='ocrx_word' id='word_1_169' title='bbox 575 1368 707 1439; x_wconf 61' lang='lat' dir='ltr'>praesa‘gia,</span> <span class='ocrx_word' id='word_1_170' title='bbox 719 1373 774 1420; x_wconf 82' lang='lat' dir='ltr'>laeta</span> <span class='ocrx_word' id='word_1_171' title='bbox 786 1407 792 1428; x_wconf 84' lang='lat'>‚</span> <span class='ocrx_word' id='word_1_172' title='bbox 805 1372 902 1427; x_wconf 82' lang='lat' dir='ltr'>tristia,</span> <span class='ocrx_word' id='word_1_173' title='bbox 917 1372 1001 1419; x_wconf 90' lang='lat' dir='ltr'>ambi·</span> <span class='ocrx_word' id='word_1_174' title='bbox 1040 1384 1041 1447; x_wconf 54' lang='lat' dir='ltr'>q</span> 
     </span>
     <span class='ocr_line' id='line_1_20' title="bbox 95 1444 1041 1511; baseline 0.003 -22"><span class='ocrx_word' id='word_1_175' title='bbox 95 1458 161 1506; x_wconf 80' lang='lat' dir='ltr'>gua,</span> <span class='ocrx_word' id='word_1_176' title='bbox 178 1446 319 1497; x_wconf 80' lang='lat' dir='ltr'>manifesta.</span> <span class='ocrx_word' id='word_1_177' title='bbox 334 1448 388 1496; x_wconf 85' lang='lat' dir='ltr'>Nec</span> <span class='ocrx_word' id='word_1_178' title='bbox 405 1449 473 1496; x_wconf 88' lang='lat' dir='ltr'>enim</span> <span class='ocrx_word' id='word_1_179' title='bbox 488 1463 601 1511; x_wconf 88' lang='lat' dir='ltr'>unquam</span> <span class='ocrx_word' id='word_1_180' title='bbox 614 1445 781 1493; x_wconf 80' lang='lat' dir='ltr'>atrocioribus</span> <span class='ocrx_word' id='word_1_181' title='bbox 791 1444 880 1508; x_wconf 91' lang='lat' dir='ltr'>populi</span> <span class='ocrx_word' id='word_1_182' title='bbox 892 1446 1004 1492; x_wconf 86' lang='lat' dir='ltr'>Romani</span> <span class='ocrx_word' id='word_1_183' title='bbox 1040 1452 1041 1509; x_wconf 33' lang='grc' dir='ltr'>ζ</span> 
     </span>
     <span class='ocr_line' id='line_1_21' title="bbox 96 1512 1041 1588; baseline 0.002 -24"><span class='ocrx_word' id='word_1_184' title='bbox 96 1517 224 1585; x_wconf 80' lang='lat' dir='ltr'>cladibus,</span> <span class='ocrx_word' id='word_1_185' title='bbox 236 1524 347 1588; x_wconf 79' lang='lat' dir='ltr'>magisve</span> <span class='ocrx_word' id='word_1_186' title='bbox 362 1522 436 1586; x_wconf 84' lang='lat' dir='ltr'>justis</span> <span class='ocrx_word' id='word_1_187' title='bbox 452 1522 551 1570; x_wconf 87' lang='lat' dir='ltr'>indiciis</span> <span class='ocrx_word' id='word_1_188' title='bbox 565 1520 729 1585; x_wconf 78' lang='lat' dir='ltr'>approbatum</span> <span class='ocrx_word' id='word_1_189' title='bbox 740 1529 793 1579; x_wconf 87' lang='lat' dir='ltr'>est,</span> <span class='ocrx_word' id='word_1_190' title='bbox 809 1532 861 1565; x_wconf 88' lang='lat' dir='ltr'>non</span> <span class='ocrx_word' id='word_1_191' title='bbox 873 1534 927 1567; x_wconf 87' lang='lat' dir='ltr'>esse</span> <span class='ocrx_word' id='word_1_192' title='bbox 939 1534 1003 1566; x_wconf 83' lang='lat' dir='ltr'>curae</span> <span class='ocrx_word' id='word_1_193' title='bbox 1040 1512 1041 1555; x_wconf 75' lang='lat' dir='ltr'>i</span> 
     </span>
     <span class='ocr_line' id='line_1_22' title="bbox 40 1576 1041 1658; baseline -0.003 -17"><span class='ocrx_word' id='word_1_194' title='bbox 40 1623 43 1629; x_wconf 89' lang='lat'>-</span> <span class='ocrx_word' id='word_1_195' title='bbox 97 1591 151 1641; x_wconf 88' lang='lat' dir='ltr'>deis</span> <span class='ocrx_word' id='word_1_196' title='bbox 161 1596 321 1645; x_wconf 81' lang='lat' dir='ltr'>semrritatern</span> <span class='ocrx_word' id='word_1_197' title='bbox 332 1606 525 1654; x_wconf 83' lang='lat' dir='ltr'>nostram‚esse</span> <span class='ocrx_word' id='word_1_198' title='bbox 540 1593 673 1639; x_wconf 84' lang='lat' dir='ltr'>ultionem.</span> <span class='ocrx_word' id='word_1_199' title='bbox 994 1650 998 1658; x_wconf 36' lang='grc' dir='ltr'>Ι</span> <span class='ocrx_word' id='word_1_200' title='bbox 1040 1576 1041 1655; x_wconf 81' lang='lat' dir='ltr'>l</span> 
     </span>
    </p>

    <p class='ocr_par' dir='ltr' id='par_1_5' title="bbox 99 1658 1041 2805">
     <span class='ocr_line' id='line_1_23' title="bbox 130 1658 1041 1727; baseline 0 -14"><span class='ocrx_word' id='word_1_201' title='bbox 130 1664 178 1716; x_wconf 83' lang='lat' dir='ltr'>IV·</span> <span class='ocrx_word' id='word_1_202' title='bbox 193 1667 312 1715; x_wconf 77' lang='lat' dir='ltr'>Ceterirm</span> <span class='ocrx_word' id='word_1_203' title='bbox 318 1703 327 1725; x_wconf 93' lang='lat'>,</span> <span class='ocrx_word' id='word_1_204' title='bbox 340 1679 475 1727; x_wconf 84' lang='lat' dir='ltr'>antequam</span> <span class='ocrx_word' id='word_1_205' title='bbox 483 1663 609 1712; x_wconf 87' lang='lat' dir='ltr'>destinata</span> <span class='ocrx_word' id='word_1_206' title='bbox 618 1675 780 1726; x_wconf 83' lang='lat' dir='ltr'>componam,</span> <span class='ocrx_word' id='word_1_207' title='bbox 789 1662 957 1727; x_wconf 82' lang='lat' dir='ltr'>repetendum</span> <span class='ocrx_word' id='word_1_208' title='bbox 967 1666 1006 1713; x_wconf 83' lang='lat' dir='ltr'>vi·</span> <span class='ocrx_word' id='word_1_209' title='bbox 1040 1658 1041 1723; x_wconf 81' lang='lat' dir='ltr'>l</span> 
     </span>
     <span class='ocr_line' id='line_1_24' title="bbox 100 1728 1041 1801; baseline -0.002 -14"><span class='ocrx_word' id='word_1_210' title='bbox 100 1737 190 1796; x_wconf 89' lang='lat' dir='ltr'>detur,</span> <span class='ocrx_word' id='word_1_211' title='bbox 203 1736 284 1801; x_wconf 89' lang='lat' dir='ltr'>qualis</span> <span class='ocrx_word' id='word_1_212' title='bbox 303 1748 382 1786; x_wconf 78' lang='lat' dir='ltr'>status</span> <span class='ocrx_word' id='word_1_213' title='bbox 396 1738 479 1797; x_wconf 86' lang='lat' dir='ltr'>urbis,</span> <span class='ocrx_word' id='word_1_214' title='bbox 493 1747 546 1797; x_wconf 77' lang='lat' dir='ltr'>qnae</span> <span class='ocrx_word' id='word_1_215' title='bbox 561 1750 631 1783; x_wconf 85' lang='lat' dir='ltr'>mens</span> <span class='ocrx_word' id='word_1_216' title='bbox 647 1734 820 1793; x_wconf 75' lang='lat' dir='ltr'>exercituum,</span> <span class='ocrx_word' id='word_1_217' title='bbox 837 1736 892 1799; x_wconf 88' lang='lat' dir='ltr'>quis</span> <span class='ocrx_word' id='word_1_218' title='bbox 904 1734 1006 1785; x_wconf 86' lang='lat' dir='ltr'>habitus</span> <span class='ocrx_word' id='word_1_219' title='bbox 1040 1728 1041 1769; x_wconf 74' lang='lat' dir='ltr'>l</span> 
     </span>
     <span class='ocr_line' id='line_1_25' title="bbox 100 1804 1041 1879; baseline -0.001 -22"><span class='ocrx_word' id='word_1_220' title='bbox 100 1812 304 1876; x_wconf 86' lang='lat' dir='ltr'>provinciarum,</span> <span class='ocrx_word' id='word_1_221' title='bbox 316 1808 385 1877; x_wconf 57' lang='lat' dir='ltr'>qnid⁸</span> <span class='ocrx_word' id='word_1_222' title='bbox 393 1810 418 1857; x_wconf 91' lang='lat' dir='ltr'>in</span> <span class='ocrx_word' id='word_1_223' title='bbox 429 1819 485 1857; x_wconf 90' lang='lat' dir='ltr'>tcto</span> <span class='ocrx_word' id='word_1_224' title='bbox 499 1819 621 1855; x_wconf 86' lang='lat' dir='ltr'>terrarum</span> <span class='ocrx_word' id='word_1_225' title='bbox 636 1806 697 1855; x_wconf 87' lang='lat' dir='ltr'>orbe</span> <span class='ocrx_word' id='word_1_226' title='bbox 708 1804 835 1865; x_wconf 79' lang='lat' dir='ltr'>validum,</span> <span class='ocrx_word' id='word_1_227' title='bbox 845 1806 905 1871; x_wconf 88' lang='lat' dir='ltr'>quid</span> <span class='ocrx_word' id='word_1_228' title='bbox 913 1819 1006 1873; x_wconf 74' lang='lat' dir='ltr'>aegrum</span> <span class='ocrx_word' id='word_1_229' title='bbox 1025 1824 1041 1879; x_wconf 63' lang='lat' dir='ltr'>-l</span> 
     </span>
     <span class='ocr_line' id='line_1_26' title="bbox 99 1880 1041 1945; baseline -0.002 -12"><span class='ocrx_word' id='word_1_230' title='bbox 99 1881 179 1933; x_wconf 77' lang='lat' dir='ltr'>fuerit</span> <span class='ocrx_word' id='word_1_231' title='bbox 193 1901 199 1929; x_wconf 89' lang='lat'><strong>:</strong></span> <span class='ocrx_word' id='word_1_232' title='bbox 212 1896 241 1931; x_wconf 91' lang='lat' dir='ltr'>nt</span> <span class='ocrx_word' id='word_1_233' title='bbox 259 1900 310 1931; x_wconf 89' lang='lat' dir='ltr'>non</span> <span class='ocrx_word' id='word_1_234' title='bbox 324 1882 409 1944; x_wconf 20' lang='lat' dir='ltr'>modo,</span> <span class='ocrx_word' id='word_1_235' title='bbox 422 1896 495 1930; x_wconf 86' lang='lat' dir='ltr'>casus</span> <span class='ocrx_word' id='word_1_236' title='bbox 507 1892 661 1945; x_wconf 78' lang='lat' dir='ltr'>eventusque</span> <span class='ocrx_word' id='word_1_237' title='bbox 678 1893 777 1942; x_wconf 85' lang='lat' dir='ltr'>rerum,</span> <span class='ocrx_word' id='word_1_238' title='bbox 799 1882 842 1944; x_wconf 88' lang='lat' dir='ltr'>qui</span> <span class='ocrx_word' id='word_1_239' title='bbox 858 1880 1006 1945; x_wconf 85' lang='lat' dir='ltr'>plerumque</span> <span class='ocrx_word' id='word_1_240' title='bbox 1040 1880 1041 1935; x_wconf 59' lang='grc' dir='ltr'><strong>ἦ</strong></span> 
     </span>
     <span class='ocr_line' id='line_1_27' title="bbox 101 1954 1006 2018; baseline 0.002 -14"><span class='ocrx_word' id='word_1_241' title='bbox 101 1954 203 2004; x_wconf 80' lang='lat' dir='ltr'>fortuiti</span> <span class='ocrx_word' id='word_1_242' title='bbox 213 1967 285 2018; x_wconf 88' lang='lat' dir='ltr'>sunt,</span> <span class='ocrx_word' id='word_1_243' title='bbox 299 1955 343 2005; x_wconf 86' lang='lat' dir='ltr'>sed</span> <span class='ocrx_word' id='word_1_244' title='bbox 352 1956 417 2007; x_wconf 89' lang='lat' dir='ltr'>ratio</span> <span class='ocrx_word' id='word_1_245' title='bbox 428 1956 504 2005; x_wconf 84' lang='lat' dir='ltr'>etism</span> <span class='ocrx_word' id='word_1_246' title='bbox 518 1970 648 2018; x_wconf 79' lang='lat' dir='ltr'>causaque</span> <span class='ocrx_word' id='word_1_247' title='bbox 659 1962 807 2003; x_wconf 80' lang='lat' dir='ltr'>noscantur.</span> <span class='ocrx_word' id='word_1_248' title='bbox 819 1956 889 2002; x_wconf 83' lang='lat' dir='ltr'>Finis</span> <span class='ocrx_word' id='word_1_249' title='bbox 900 1956 1006 2007; x_wconf 84' lang='lat' dir='ltr'>Neronis</span> 
     </span>
     <span class='ocr_line' id='line_1_28' title="bbox 102 2026 1006 2094; baseline 0.002 -19"><span class='ocrx_word' id='word_1_250' title='bbox 102 2039 132 2076; x_wconf 89' lang='lat' dir='ltr'>ut</span> <span class='ocrx_word' id='word_1_251' title='bbox 143 2028 214 2075; x_wconf 77' lang='lat' dir='ltr'>latus</span> <span class='ocrx_word' id='word_1_252' title='bbox 224 2029 308 2093; x_wconf 83' lang='lat' dir='ltr'>primo</span> <span class='ocrx_word' id='word_1_253' title='bbox 317 2027 482 2094; x_wconf 75' lang='lat' dir='ltr'>gaudentium</span> <span class='ocrx_word' id='word_1_254' title='bbox 494 2030 592 2093; x_wconf 86' lang='lat' dir='ltr'>impetu</span> <span class='ocrx_word' id='word_1_255' title='bbox 604 2026 704 2091; x_wconf 82' lang='lat' dir='ltr'>luerat,</span> <span class='ocrx_word' id='word_1_256' title='bbox 717 2029 751 2076; x_wconf 81' lang='lat' dir='ltr'>ita</span> <span class='ocrx_word' id='word_1_257' title='bbox 763 2029 847 2075; x_wconf 82' lang='lat' dir='ltr'>varios</span> <span class='ocrx_word' id='word_1_258' title='bbox 857 2040 943 2077; x_wconf 88' lang='lat' dir='ltr'>motus</span> <span class='ocrx_word' id='word_1_259' title='bbox 954 2033 1006 2077; x_wconf 84' lang='lat' dir='ltr'>ani-</span> 
     </span>
     <span class='ocr_line' id='line_1_29' title="bbox 103 2080 1041 2221; baseline 0.003 -73"><span class='ocrx_word' id='word_1_260' title='bbox 103 2115 205 2148; x_wconf 87' lang='lat' dir='ltr'>morum</span> <span class='ocrx_word' id='word_1_261' title='bbox 214 2138 224 2159; x_wconf 86' lang='lat'>,</span> <span class='ocrx_word' id='word_1_262' title='bbox 232 2117 282 2149; x_wconf 91' lang='lat' dir='ltr'>non</span> <span class='ocrx_word' id='word_1_263' title='bbox 295 2100 410 2151; x_wconf 74' lang='lat' dir='ltr'>moditia</span> <span class='ocrx_word' id='word_1_264' title='bbox 423 2103 503 2163; x_wconf 85' lang='lat' dir='ltr'>urbe,</span> <span class='ocrx_word' id='word_1_265' title='bbox 516 2100 586 2167; x_wconf 82' lang='lat' dir='ltr'>apud</span> <span class='ocrx_word' id='word_1_266' title='bbox 595 2112 694 2221; x_wconf 74' lang='lat' dir='ltr'>patres,</span> <span class='ocrx_word' id='word_1_267' title='bbox 706 2112 748 2149; x_wconf 83' lang='lat' dir='ltr'>eut</span> <span class='ocrx_word' id='word_1_268' title='bbox 757 2100 894 2166; x_wconf 87' lang='lat' dir='ltr'>populum,</span> <span class='ocrx_word' id='word_1_269' title='bbox 906 2114 951 2151; x_wconf 89' lang='lat' dir='ltr'>aut</span> <span class='ocrx_word' id='word_1_270' title='bbox 961 2120 1006 2151; x_wconf 89' lang='lat' dir='ltr'>nr·</span> <span class='ocrx_word' id='word_1_271' title='bbox 1040 2080 1041 2163; x_wconf 82' lang='lat' dir='ltr'>l</span> 
     </span>
     <span class='ocr_line' id='line_1_30' title="bbox 104 2173 1007 2239; baseline 0.002 -18"><span class='ocrx_word' id='word_1_272' title='bbox 104 2173 200 2221; x_wconf 87' lang='lat' dir='ltr'>banum</span> <span class='ocrx_word' id='word_1_273' title='bbox 208 2174 335 2235; x_wconf 83' lang='lat' dir='ltr'>militem,</span> <span class='ocrx_word' id='word_1_274' title='bbox 347 2174 392 2223; x_wconf 88' lang='lat' dir='ltr'>sed</span> <span class='ocrx_word' id='word_1_275' title='bbox 401 2190 490 2223; x_wconf 87' lang='lat' dir='ltr'>omnes</span> <span class='ocrx_word' id='word_1_276' title='bbox 498 2176 597 2239; x_wconf 78' lang='lat' dir='ltr'>legione</span> <span class='ocrx_word' id='word_1_277' title='bbox 619 2174 758 2237; x_wconf 87' lang='lat' dir='ltr'>ducesque,</span> <span class='ocrx_word' id='word_1_278' title='bbox 771 2174 926 2232; x_wconf 78' lang='lat' dir='ltr'>conciverat,</span> <span class='ocrx_word' id='word_1_279' title='bbox 936 2176 1007 2223; x_wconf 85' lang='lat' dir='ltr'>evnl-</span> 
     </span>
     <span class='ocr_line' id='line_1_31' title="bbox 104 2244 1041 2313; baseline 0.003 -21"><span class='ocrx_word' id='word_1_280' title='bbox 104 2257 164 2310; x_wconf 73' lang='lat' dir='ltr'>gato</span> <span class='ocrx_word' id='word_1_281' title='bbox 181 2247 283 2311; x_wconf 83' lang='lat' dir='ltr'>imperii</span> <span class='ocrx_word' id='word_1_282' title='bbox 298 2264 404 2305; x_wconf 85' lang='lat' dir='ltr'>arcano,</span> <span class='ocrx_word' id='word_1_283' title='bbox 416 2263 491 2313; x_wconf 86' lang='lat' dir='ltr'>posse</span> <span class='ocrx_word' id='word_1_284' title='bbox 508 2248 651 2313; x_wconf 79' lang='lat' dir='ltr'>principem</span> <span class='ocrx_word' id='word_1_285' title='bbox 668 2246 743 2305; x_wconf 89' lang='lat' dir='ltr'>alibi,</span> <span class='ocrx_word' id='word_1_286' title='bbox 759 2246 834 2309; x_wconf 70' lang='lat' dir='ltr'>quim</span> <span class='ocrx_word' id='word_1_287' title='bbox 846 2244 932 2295; x_wconf 75' lang='lat' dir='ltr'>Romae</span> <span class='ocrx_word' id='word_1_288' title='bbox 943 2248 1005 2297; x_wconf 81' lang='lat' dir='ltr'>fieri.</span> <span class='ocrx_word' id='word_1_289' title='bbox 1040 2252 1041 2261; x_wconf 60' lang='lat'>¹</span> 
     </span>
     <span class='ocr_line' id='line_1_32' title="bbox 106 2317 1041 2387; baseline 0.004 -24"><span class='ocrx_word' id='word_1_290' title='bbox 106 2317 155 2364; x_wconf 80' lang='lat' dir='ltr'>Sed</span> <span class='ocrx_word' id='word_1_291' title='bbox 166 2320 320 2381; x_wconf 65' lang='lat' dir='ltr'>patratam,</span> <span class='ocrx_word' id='word_1_292' title='bbox 332 2322 545 2387; x_wconf 71' lang='lat' dir='ltr'>usurpatistatim</span> <span class='ocrx_word' id='word_1_293' title='bbox 554 2320 680 2377; x_wconf 84' lang='lat' dir='ltr'>libertate,</span> <span class='ocrx_word' id='word_1_294' title='bbox 691 2318 824 2381; x_wconf 73' lang='lat' dir='ltr'>licentiis,</span> <span class='ocrx_word' id='word_1_295' title='bbox 836 2330 864 2366; x_wconf 92' lang='lat' dir='ltr'>ut</span> <span class='ocrx_word' id='word_1_296' title='bbox 873 2334 930 2383; x_wconf 78' lang='lat' dir='ltr'>erga</span> <span class='ocrx_word' id='word_1_297' title='bbox 938 2320 1006 2385; x_wconf 86' lang='lat' dir='ltr'>prin·</span> <span class='ocrx_word' id='word_1_298' title='bbox 1040 2350 1041 2375; x_wconf 55' lang='lat'>2</span> 
     </span>
     <span class='ocr_line' id='line_1_33' title="bbox 107 2388 1041 2459; baseline 0.006 -24"><span class='ocrx_word' id='word_1_299' title='bbox 107 2388 188 2453; x_wconf 85' lang='lat' dir='ltr'>cipem</span> <span class='ocrx_word' id='word_1_300' title='bbox 208 2393 303 2440; x_wconf 84' lang='lat' dir='ltr'>novum</span> <span class='ocrx_word' id='word_1_301' title='bbox 321 2405 346 2441; x_wconf 85' lang='lat' dir='ltr'>et</span> <span class='ocrx_word' id='word_1_302' title='bbox 359 2394 647 2458; x_wconf 76' lang='lat' dir='ltr'>absentemtprimores</span> <span class='ocrx_word' id='word_1_303' title='bbox 664 2391 778 2455; x_wconf 83' lang='lat' dir='ltr'>equitum</span> <span class='ocrx_word' id='word_1_304' title='bbox 797 2394 906 2456; x_wconf 84' lang='lat' dir='ltr'>proximi</span> <span class='ocrx_word' id='word_1_305' title='bbox 919 2394 1006 2459; x_wconf 76' lang='lat' dir='ltr'>gaudio</span> <span class='ocrx_word' id='word_1_306' title='bbox 1040 2444 1041 2451; x_wconf 10' lang='grc' dir='ltr'>ἵ</span> 
     </span>
     <span class='ocr_line' id='line_1_34' title="bbox 107 2465 1041 2531; baseline 0.004 -22"><span class='ocrx_word' id='word_1_307' title='bbox 107 2472 225 2527; x_wconf 79' lang='lat' dir='ltr'>patrum:</span> <span class='ocrx_word' id='word_1_308' title='bbox 239 2482 296 2529; x_wconf 86' lang='lat' dir='ltr'>pars</span> <span class='ocrx_word' id='word_1_309' title='bbox 309 2468 399 2531; x_wconf 89' lang='lat' dir='ltr'>populi</span> <span class='ocrx_word' id='word_1_310' title='bbox 409 2470 519 2531; x_wconf 81' lang='lat' dir='ltr'>integra,</span> <span class='ocrx_word' id='word_1_311' title='bbox 533 2472 559 2516; x_wconf 87' lang='lat' dir='ltr'>et</span> <span class='ocrx_word' id='word_1_312' title='bbox 571 2466 668 2531; x_wconf 77' lang='lat' dir='ltr'>magnis</span> <span class='ocrx_word' id='word_1_313' title='bbox 680 2465 797 2513; x_wconf 81' lang='lat' dir='ltr'>domibus</span> <span class='ocrx_word' id='word_1_314' title='bbox 810 2480 919 2526; x_wconf 76' lang='lat' dir='ltr'>annexa,</span> <span class='ocrx_word' id='word_1_315' title='bbox 930 2466 1007 2514; x_wconf 84' lang='lat' dir='ltr'>clieu·</span> <span class='ocrx_word' id='word_1_316' title='bbox 1040 2504 1041 2527; x_wconf 80' lang='lat'>,</span> 
     </span>
     <span class='ocr_line' id='line_1_35' title="bbox 108 2529 1007 2612; baseline 0 -25"><span class='ocrx_word' id='word_1_317' title='bbox 108 2549 148 2587; x_wconf 89' lang='lat' dir='ltr'>tes</span> <span class='ocrx_word' id='word_1_318' title='bbox 162 2529 296 2603; x_wconf 87' lang='lat' dir='ltr'>libertique</span> <span class='ocrx_word' id='word_1_319' title='bbox 313 2541 493 2612; x_wconf 73' lang='lat' dir='ltr'>damnatorum</span> <span class='ocrx_word' id='word_1_320' title='bbox 505 2551 531 2587; x_wconf 84' lang='lat' dir='ltr'>et</span> <span class='ocrx_word' id='word_1_321' title='bbox 547 2541 677 2598; x_wconf 82' lang='lat' dir='ltr'>exsulum,</span> <span class='ocrx_word' id='word_1_322' title='bbox 689 2540 714 2587; x_wconf 89' lang='lat' dir='ltr'>iu</span> <span class='ocrx_word' id='word_1_323' title='bbox 733 2555 803 2603; x_wconf 87' lang='lat' dir='ltr'>spem</span> <span class='ocrx_word' id='word_1_324' title='bbox 817 2541 900 2587; x_wconf 71' lang='lat' dir='ltr'>crecti</span> <span class='ocrx_word' id='word_1_325' title='bbox 914 2558 919 2587; x_wconf 71' lang='grc' dir='ltr'>ς</span> <span class='ocrx_word' id='word_1_326' title='bbox 940 2540 1007 2605; x_wconf 88' lang='lat' dir='ltr'>plebs</span> 
     </span>
     <span class='ocr_line' id='line_1_36' title="bbox 110 2609 1007 2672; baseline 0.003 -15"><span class='ocrx_word' id='word_1_327' title='bbox 110 2611 228 2666; x_wconf 85' lang='lat' dir='ltr'>sordida,</span> <span class='ocrx_word' id='word_1_328' title='bbox 241 2624 267 2659; x_wconf 88' lang='lat' dir='ltr'>et</span> <span class='ocrx_word' id='word_1_329' title='bbox 280 2616 347 2661; x_wconf 87' lang='lat' dir='ltr'>circo</span> <span class='ocrx_word' id='word_1_330' title='bbox 363 2630 391 2660; x_wconf 86' lang='lat' dir='ltr'>ac</span> <span class='ocrx_word' id='word_1_331' title='bbox 406 2609 511 2661; x_wconf 80' lang='lat' dir='ltr'>tlteatris</span> <span class='ocrx_word' id='word_1_332' title='bbox 522 2624 593 2659; x_wconf 83' lang='lat' dir='ltr'>sueta</span> <span class='ocrx_word' id='word_1_333' title='bbox 601 2648 608 2672; x_wconf 94' lang='lat'>,</span> <span class='ocrx_word' id='word_1_334' title='bbox 628 2613 704 2661; x_wconf 84' lang='lat' dir='ltr'>simul</span> <span class='ocrx_word' id='word_1_335' title='bbox 722 2612 850 2659; x_wconf 83' lang='lat' dir='ltr'>deterrimi</span> <span class='ocrx_word' id='word_1_336' title='bbox 864 2626 1007 2669; x_wconf 84' lang='lat' dir='ltr'>servorum,</span> 
     </span>
     <span class='ocr_line' id='line_1_37' title="bbox 110 2680 1006 2752; baseline 0.004 -20"><span class='ocrx_word' id='word_1_337' title='bbox 110 2698 154 2732; x_wconf 88' lang='lat' dir='ltr'>aut</span> <span class='ocrx_word' id='word_1_338' title='bbox 168 2688 224 2748; x_wconf 88' lang='lat' dir='ltr'>qui,</span> <span class='ocrx_word' id='word_1_339' title='bbox 239 2686 318 2733; x_wconf 81' lang='lat' dir='ltr'>adesis</span> <span class='ocrx_word' id='word_1_340' title='bbox 329 2680 474 2752; x_wconf 55' lang='lat' dir='ltr'>bonis,‘per</span> <span class='ocrx_word' id='word_1_341' title='bbox 492 2687 601 2736; x_wconf 86' lang='lat' dir='ltr'>dedecus</span> <span class='ocrx_word' id='word_1_342' title='bbox 612 2687 722 2747; x_wconf 87' lang='lat' dir='ltr'>Neronis</span> <span class='ocrx_word' id='word_1_343' title='bbox 734 2687 882 2747; x_wconf 84' lang='lat' dir='ltr'>alebantur,</span> <span class='ocrx_word' id='word_1_344' title='bbox 894 2690 974 2736; x_wconf 87' lang='lat' dir='ltr'>moesti</span> <span class='ocrx_word' id='word_1_345' title='bbox 984 2700 1006 2737; x_wconf 91' lang='lat' dir='ltr'>et</span> 
     </span>
     <span class='ocr_line' id='line_1_38' title="bbox 110 2758 332 2805; baseline -0.005 0"><span class='ocrx_word' id='word_1_346' title='bbox 110 2774 244 2805; x_wconf 84' lang='lat' dir='ltr'>rumorum</span> <span class='ocrx_word' id='word_1_347' title='bbox 255 2758 332 2804; x_wconf 83' lang='lat' dir='ltr'>avidi.</span> 
     </span>
    </p>

    <p class='ocr_par' dir='ltr' id='par_1_6' title="bbox 59 2822 1041 3342">
     <span class='ocr_line' id='line_1_39' title="bbox 141 2822 1006 2897; baseline 0 -18"><span class='ocrx_word' id='word_1_348' title='bbox 141 2832 176 2879; x_wconf 86' lang='lat' dir='ltr'>V.</span> <span class='ocrx_word' id='word_1_349' title='bbox 190 2832 264 2877; x_wconf 86' lang='lat' dir='ltr'>Miles</span> <span class='ocrx_word' id='word_1_350' title='bbox 276 2832 402 2894; x_wconf 86' lang='lat' dir='ltr'>urbanus,</span> <span class='ocrx_word' id='word_1_351' title='bbox 411 2832 489 2897; x_wconf 75' lang='lat' dir='ltr'>longo</span> <span class='ocrx_word' id='word_1_352' title='bbox 500 2834 626 2883; x_wconf 75' lang='lat' dir='ltr'>Cassarum</span> <span class='ocrx_word' id='word_1_353' title='bbox 639 2822 795 2881; x_wconf 79' lang='lat' dir='ltr'>sacramento</span> <span class='ocrx_word' id='word_1_354' title='bbox 805 2830 931 2889; x_wconf 87' lang='lat' dir='ltr'>imbutus,</span> <span class='ocrx_word' id='word_1_355' title='bbox 946 2844 969 2880; x_wconf 86' lang='lat' dir='ltr'>et</span> <span class='ocrx_word' id='word_1_356' title='bbox 978 2831 1006 2879; x_wconf 91' lang='lat' dir='ltr'>ad</span> 
     </span>
     <span class='ocr_line' id='line_1_40' title="bbox 111 2902 1006 2971; baseline 0.001 -19"><span class='ocrx_word' id='word_1_357' title='bbox 111 2902 300 2952; x_wconf 81' lang='lat' dir='ltr'>destituendum</span> <span class='ocrx_word' id='word_1_358' title='bbox 308 2905 435 2953; x_wconf 85' lang='lat' dir='ltr'>Neronem</span> <span class='ocrx_word' id='word_1_359' title='bbox 447 2917 499 2952; x_wconf 86' lang='lat' dir='ltr'>arte</span> <span class='ocrx_word' id='word_1_360' title='bbox 508 2908 590 2968; x_wconf 76' lang='lat' dir='ltr'>magis</span> <span class='ocrx_word' id='word_1_361' title='bbox 599 2918 625 2953; x_wconf 86' lang='lat' dir='ltr'>et</span> <span class='ocrx_word' id='word_1_362' title='bbox 634 2907 744 2971; x_wconf 87' lang='lat' dir='ltr'>impulsu</span> <span class='ocrx_word' id='word_1_363' title='bbox 753 2942 759 2962; x_wconf 94' lang='lat'>,</span> <span class='ocrx_word' id='word_1_364' title='bbox 769 2903 843 2968; x_wconf 77' lang='lat' dir='ltr'>quim</span> <span class='ocrx_word' id='word_1_365' title='bbox 856 2920 901 2951; x_wconf 86' lang='lat' dir='ltr'>suo</span> <span class='ocrx_word' id='word_1_366' title='bbox 914 2905 1006 2969; x_wconf 75' lang='lat' dir='ltr'>ingenio</span> 
     </span>
     <span class='ocr_line' id='line_1_41' title="bbox 112 2975 1006 3040; baseline 0.003 -17"><span class='ocrx_word' id='word_1_367' title='bbox 112 2975 255 3034; x_wconf 88' lang='lat' dir='ltr'>traductus,</span> <span class='ocrx_word' id='word_1_368' title='bbox 268 2987 402 3039; x_wconf 85' lang='lat' dir='ltr'>postquam</span> <span class='ocrx_word' id='word_1_369' title='bbox 418 2994 498 3040; x_wconf 88' lang='lat' dir='ltr'>neque</span> <span class='ocrx_word' id='word_1_370' title='bbox 510 2978 565 3025; x_wconf 86' lang='lat' dir='ltr'>dari</span> <span class='ocrx_word' id='word_1_371' title='bbox 580 2978 746 3039; x_wconf 81' lang='lat' dir='ltr'>donativum,</span> <span class='ocrx_word' id='word_1_372' title='bbox 757 2980 804 3026; x_wconf 91' lang='lat' dir='ltr'>sub</span> <span class='ocrx_word' id='word_1_373' title='bbox 818 2979 920 3026; x_wconf 88' lang='lat' dir='ltr'>nomine</span> <span class='ocrx_word' id='word_1_374' title='bbox 930 2979 1006 3026; x_wconf 76' lang='lat' dir='ltr'>Galba</span> 
     </span>
     <span class='ocr_line' id='line_1_42' title="bbox 112 3049 1041 3117; baseline 0.003 -23"><span class='ocrx_word' id='word_1_375' title='bbox 112 3063 266 3113; x_wconf 78' lang='lat' dir='ltr'>promissum</span> <span class='ocrx_word' id='word_1_376' title='bbox 278 3085 285 3106; x_wconf 91' lang='lat'>,</span> <span class='ocrx_word' id='word_1_377' title='bbox 296 3063 378 3111; x_wconf 84' lang='lat' dir='ltr'>neque</span> <span class='ocrx_word' id='word_1_378' title='bbox 389 3052 488 3113; x_wconf 71' lang='lat' dir='ltr'>magnis</span> <span class='ocrx_word' id='word_1_379' title='bbox 499 3050 600 3098; x_wconf 84' lang='lat' dir='ltr'>meritis</span> <span class='ocrx_word' id='word_1_380' title='bbox 615 3068 644 3097; x_wconf 81' lang='lat' dir='ltr'>ac</span> <span class='ocrx_word' id='word_1_381' title='bbox 657 3053 764 3117; x_wconf 84' lang='lat' dir='ltr'>praemiis</span> <span class='ocrx_word' id='word_1_382' title='bbox 776 3049 894 3099; x_wconf 87' lang='lat' dir='ltr'>eumdem</span> <span class='ocrx_word' id='word_1_383' title='bbox 905 3053 930 3097; x_wconf 92' lang='lat' dir='ltr'>in</span> <span class='ocrx_word' id='word_1_384' title='bbox 942 3066 1007 3117; x_wconf 85' lang='lat' dir='ltr'>pace,</span> <span class='ocrx_word' id='word_1_385' title='bbox 1040 3060 1041 3063; x_wconf 76' lang='grc'>’</span> 
     </span>
     <span class='ocr_line' id='line_1_43' title="bbox 114 3121 1041 3199; baseline 0.003 -33"><span class='ocrx_word' id='word_1_386' title='bbox 114 3137 188 3183; x_wconf 83' lang='lat' dir='ltr'>quem</span> <span class='ocrx_word' id='word_1_387' title='bbox 209 3123 235 3167; x_wconf 93' lang='lat' dir='ltr'>in</span> <span class='ocrx_word' id='word_1_388' title='bbox 252 3121 333 3179; x_wconf 88' lang='lat' dir='ltr'>bello,</span> <span class='ocrx_word' id='word_1_389' title='bbox 348 3122 434 3171; x_wconf 88' lang='lat' dir='ltr'>locum</span> <span class='ocrx_word' id='word_1_390' title='bbox 444 3158 453 3186; x_wconf 91' lang='lat'>,</span> <span class='ocrx_word' id='word_1_391' title='bbox 473 3127 677 3188; x_wconf 78' lang='lat' dir='ltr'>praerrntsmqu‘e</span> <span class='ocrx_word' id='word_1_392' title='bbox 694 3126 798 3187; x_wconf 81' lang='lat' dir='ltr'>gratiam</span> <span class='ocrx_word' id='word_1_393' title='bbox 814 3123 931 3187; x_wconf 81' lang='lat' dir='ltr'>intelligit</span> <span class='ocrx_word' id='word_1_394' title='bbox 949 3122 1006 3189; x_wconf 84' lang='lat' dir='ltr'>apud</span> <span class='ocrx_word' id='word_1_395' title='bbox 1040 3138 1041 3199; x_wconf 58' lang='lat' dir='ltr'>q</span> 
     </span>
     <span class='ocr_line' id='line_1_44' title="bbox 113 3194 1041 3262; baseline 0.006 -22"><span class='ocrx_word' id='word_1_396' title='bbox 113 3195 266 3259; x_wconf 82' lang='lat' dir='ltr'>principem,</span> <span class='ocrx_word' id='word_1_397' title='bbox 282 3194 295 3241; x_wconf 72' lang='lat' dir='ltr'>t</span> <span class='ocrx_word' id='word_1_398' title='bbox 305 3195 448 3259; x_wconf 78' lang='lat' dir='ltr'>legionibus</span> <span class='ocrx_word' id='word_1_399' title='bbox 456 3195 549 3244; x_wconf 86' lang='lat' dir='ltr'>sactum</span> <span class='ocrx_word' id='word_1_400' title='bbox 559 3214 566 3261; x_wconf 77' lang='lat'>3</span> <span class='ocrx_word' id='word_1_401' title='bbox 578 3198 672 3262; x_wconf 80' lang='lat' dir='ltr'>pronus</span> <span class='ocrx_word' id='word_1_402' title='bbox 683 3198 715 3245; x_wconf 86' lang='lat' dir='ltr'>ad</span> <span class='ocrx_word' id='word_1_403' title='bbox 724 3212 802 3261; x_wconf 57' lang='lat' dir='ltr'>notras</span> <span class='ocrx_word' id='word_1_404' title='bbox 811 3212 862 3254; x_wconf 85' lang='lat' dir='ltr'>res,</span> <span class='ocrx_word' id='word_1_405' title='bbox 873 3200 962 3245; x_wconf 84' lang='lat' dir='ltr'>scelere</span> <span class='ocrx_word' id='word_1_406' title='bbox 972 3199 1007 3245; x_wconf 88' lang='lat' dir='ltr'>in·</span> <span class='ocrx_word' id='word_1_407' title='bbox 1040 3224 1041 3227; x_wconf 38' lang='lat'>¹</span> 
     </span>
     <span class='ocr_line' id='line_1_45' title="bbox 59 3266 1041 3342; baseline 0.001 -23"><span class='ocrx_word' id='word_1_408' title='bbox 59 3297 63 3309; x_wconf 79' lang='lat'><em>›</em></span> <span class='ocrx_word' id='word_1_409' title='bbox 115 3284 191 3336; x_wconf 79' lang='lat' dir='ltr'>super</span> <span class='ocrx_word' id='word_1_410' title='bbox 203 3266 356 3337; x_wconf 79' lang='lat' dir='ltr'>Nymphidii</span> <span class='ocrx_word' id='word_1_411' title='bbox 365 3270 451 3331; x_wconf 74' lang='lat' dir='ltr'>Sabini</span> <span class='ocrx_word' id='word_1_412' title='bbox 463 3268 590 3340; x_wconf 78' lang='lat' dir='ltr'>prefecti,</span> <span class='ocrx_word' id='word_1_413' title='bbox 603 3272 739 3342; x_wconf 80' lang='lat' dir='ltr'>imperium</span> <span class='ocrx_word' id='word_1_414' title='bbox 750 3271 798 3327; x_wconf 79' lang='lat' dir='ltr'>sibi</span> <span class='ocrx_word' id='word_1_415' title='bbox 808 3270 950 3339; x_wconf 82' lang='lat' dir='ltr'>molientis,</span> <span class='ocrx_word' id='word_1_416' title='bbox 961 3274 1006 3341; x_wconf 73' lang='lat' dir='ltr'>agi·</span> <span class='ocrx_word' id='word_1_417' title='bbox 1040 3280 1041 3337; x_wconf 66' lang='lat'>,</span> 
     </span>
    </p>

    <p class='ocr_par' dir='ltr' id='par_1_7' title="bbox 452 3346 1041 3379">
     <span class='ocr_line' id='line_1_46' title="bbox 452 3346 1041 3379; baseline 0 0"><span class='ocrx_word' id='word_1_418' title='bbox 452 3350 455 3355; x_wconf 94' lang='lat'>·</span> <span class='ocrx_word' id='word_1_419' title='bbox 1040 3346 1041 3379; x_wconf 83' lang='lat' dir='ltr'>l</span> 
     </span>
    </p>
   </div>
   <div class='ocr_carea' id='block_1_3' title="bbox 0 0 1090 3709">
    <p class='ocr_par' dir='ltr' id='par_1_8' title="bbox 0 0 1090 3709">
     <span class='ocr_line' id='line_1_47' title="bbox 0 0 1090 3709; baseline 0 0"><span class='ocrx_word' id='word_1_420' title='bbox 0 0 1090 3709; x_wconf 95' lang='lat' dir='ltr'> </span> 
     </span>
    </p>
   </div>
  </div>
 </body>
</html>
