2100 3709
347 57 524 114 trrirrou
545 74 608 113 nra.
627 67 706 116 xrtr.
876 81 883 91 ¹
926 76 975 116 sos

53 152 199 206 memorii
210 149 313 223 Poppaei
322 157 425 217 Sabini,
439 158 563 208 consulari
573 169 599 205 et
611 155 759 224 triumphali
772 155 864 207 decore
875 157 980 223 preful-

6 261 9 272 .
51 228 152 292 gentis
165 245 172 275 ι
183 245 242 279 nam
258 231 368 294 Ollium,
382 222 523 281 honoribus
537 231 652 280 nondum
664 231 793 292 iunctum,
805 231 915 282 amicitia
928 233 979 281 Se-

49 298 114 374 iani
127 304 267 366 pervertit.
282 305 351 362 Huic
361 301 565 354 mulieri‘cuncta
579 305 629 371 alia
644 304 728 368 suere,
744 318 832 372 preter
843 303 980 355 honestum

52 373 186 426 niumm
198 393 203 424 :
224 377 317 444 quippe
329 390 410 427 mater
426 379 496 440 eiras,
515 378 595 426 aetatis
606 393 656 426 sure
672 379 777 428 leminea
789 377 979 446 pulchritudine

55 456 247 512 supergressa,
262 451 369 514 gloriam
380 451 475 515 pariter
484 462 510 498 et
520 449 628 498 iormsm
635 450 754 501 dederat:
764 467 826 520 opes
834 450 979 500 claritudini

55 517 229 570 sufficiebant
240 538 247 570 ε
258 537 341 571 sermo
351 523 446 580 comis,
457 538 505 571 nec
517 521 656 571 absurdum
669 522 797 588 ingenium
809 541 815 570 z
829 521 979 571 modestiam

53 588 200 656 praeferre,
215 605 242 643 et
249 589 352 644 lascivid
365 596 421 645 uti:
437 611 509 644 rarus
520 596 547 644 in
556 595 688 661 pubiicum
700 611 827 662 egressus,
840 595 922 666 idque
930 610 978 643 re-

55 663 200 731 latiparte
210 670 260 719 oris
266 707 274 733 ,
284 687 316 719 ne
327 672 431 720 satiaret
438 669 601 736 adspectum,
610 671 652 719 rel
661 671 720 735 quia
729 673 764 720 sic
772 666 885 721 decebat.
895 671 980 720 Fames

58 753 202 805 nunquam
213 746 337 810 pepercit,
347 745 451 796 maritos
468 753 494 792 et
505 741 634 793 adulteros
648 761 700 793 non
711 744 868 810 distinguens
878 763 884 793 ε
895 759 978 807 neque

59 809 173 861 afferam
184 831 242 876 suo,
254 820 297 866 aut
309 819 391 866 alieno
400 818 524 880 ohnoxia;
537 817 604 867 unde
611 818 706 868 utilitas
715 818 903 879 ostenderetur,
917 818 978 865 illuc

58 882 205 936 libidinem
217 892 390 942 transferebat.
403 891 484 958 igitur
500 903 615 957 egentem
629 909 685 941 eam
697 892 722 942 in
731 892 896 944 matrimonio
908 889 977 940 unfit
1016 911 1020 927 2

61 951 198 1024 Crispini,
211 965 303 1029 equitis
314 966 438 1023 Romani,
449 979 479 1014 ex
491 982 542 1030 quo
552 964 632 1013 filiurn
642 960 780 1029 genuerat,
792 963 861 1014 Otho
871 962 977 1029 pellexit

61 1028 175 1106 juventa
184 1050 212 1084 ao
222 1037 297 1100 luxu,
311 1035 337 1087 et
350 1040 408 1104 quia
419 1039 627 1104 flagrantissimus
638 1040 664 1086 in
679 1037 790 1088 amicitil
805 1037 917 1088 Neronia
926 1035 977 1084 ha·

61 1102 180 1156 bebatur
191 1128 196 1158 :
209 1129 256 1164 nec
267 1128 336 1162 mora
345 1149 352 1174 ,
362 1114 423 1178 quin
435 1112 560 1163 adulterio
569 1113 762 1162 matrimonium
772 1113 926 1178 iungeretur.

100 1179 201 1233 xuvt.
219 1184 287 1234 Otho
299 1221 305 1243 ‚
318 1189 370 1235 sire
381 1201 467 1234 amore
476 1187 609 1245 incautus,
619 1185 723 1236 laudare
735 1187 863 1236 alermum
872 1188 976 1250 elegan-

63 1251 183 1318 tiamque
191 1259 299 1308 uxor-iso
312 1259 379 1325 apud
388 1258 540 1324 principem,
548 1259 600 1307 aive
609 1271 638 1307 ut
646 1259 807 1325 accenderet,
818 1277 847 1309 ac
856 1260 877 1308 si
886 1258 976 1307 eidem

63 1323 164 1376 temtus
175 1333 331 1396 potirentur,
344 1331 371 1380 id
389 1347 489 1396 quoqne
504 1331 641 1384 vinculum
649 1335 791 1396 potentiam
804 1336 829 1382 ei
845 1335 976 1395 adiiceret.

65 1397 138 1464 sapt
146 1403 251 1454 auditus
266 1417 304 1454 est
320 1403 494 1468 consurgense
503 1404 624 1452 convivio
631 1406 743 1469 cesaris,
755 1407 845 1454 «seire
856 1405 888 1453 ad
896 1405 977 1464 illam,

66 1471 118 1520 sibi
136 1491 307 1528 concessam»
321 1477 440 1527 dictitans
460 1477 653 1537 (mobilitatem,
672 1478 899 1544 pulchritudinem,
917 1487 977 1525 vota

68 1549 186 1599 omnium
193 1587 202 1615 ,
213 1561 240 1601 et
248 1551 490 1618 gaudialeliciumu.
502 1552 550 1602 His
561 1563 636 1616 atque
644 1543 736 1610 talibus
744 1551 916 1608 irritamentis,
924 1565 977 1600 non

67 1617 146 1686 longa
164 1627 293 1678 eunctetio
309 1621 488 1693 interponitur.
503 1626 553 1674 Sed
571 1639 674 1693 accepto
693 1624 779 1685 aditu,
795 1625 902 1692 Poppaea
921 1626 976 1690 pri-

67 1691 142 1744 mtim
153 1711 197 1762 per
207 1694 380 1750 blandimenta
390 1712 416 1750 et
427 1713 492 1750 artes
502 1701 638 1764 valescere,
651 1701 796 1766 «imparem
805 1698 922 1766 cupidini
932 1716 974 1757 ae,

69 1777 98 1815 et
110 1767 193 1819 forms
206 1773 314 1823 Neronis
332 1785 453 1841 captatur
475 1776 615 1826 simulans:
631 1789 706 1838 moa,
722 1775 773 1824 acri
791 1771 841 1838 jam
852 1774 976 1840 principis

70 1857 172 1902 amore,
185 1843 217 1894 ad
228 1849 372 1914 snperbiam
383 1861 495 1912 vertens,
508 1850 530 1897 si
542 1850 609 1898 ultra
621 1846 701 1898 unam
711 1850 866 1912 alteramque
874 1859 976 1901 noctem

72 1915 230 1982 attineretur,
244 1919 449 1987 «nuptam'essen
462 1938 488 1971 se
498 1921 616 1989 dictitans
628 1938 775 1990 cnecposse
784 1921 975 1971 matrimonium

73 1988 204 2050 amittere,
216 1991 356 2044 devinctam
366 1995 462 2045 Othoni
471 2011 517 2060 per
525 2009 605 2061 genus
613 1997 685 2059 vitae,
695 1995 764 2060 quod
775 2011 851 2042 nemo
860 1993 976 2059 adsequa-

72 2073 123 2110 ret.
132 2063 208 2114 Illum
218 2067 301 2117 enimn
310 2078 336 2116 et
345 2069 415 2116 cultu
424 2067 599 2132 magnificum:
609 2069 644 2117 ibi
651 2085 677 2117 se
686 2069 785 2117 summi
794 2066 893 2116 fortuni
900 2067 976 2133 digua

73 2135 155 2184 risere
167 2155 173 2184 r
187 2139 347 2188 atNeronem
355 2139 446 2204 pellice
460 2139 563 2195 ancilll,
575 2135 601 2186 et
610 2139 775 2189 adsuetudine
784 2139 861 2188 Ac'tes
871 2140 976 2192 devinc-

73 2206 975 2278 sompnii&contubernioservili‚uiaiabjectumetsordidumtrarisseu.

72 2275 196 2346 Dejicitur
205 2286 374 2342 familiaritate
387 2285 457 2335 sueti
468 2323 474 2346 ,
486 2283 545 2354 pdst
557 2299 694 2350 congressu
703 2296 729 2334 et
738 2286 860 2335 comitatu
871 2321 878 2344 ,
888 2283 975 2349 Otlr03
1037 2293 1042 2296 “

75 2355 142 2405 etad
155 2370 325 2426 postremum,
335 2377 367 2410 ne
379 2361 406 2408 in
420 2359 483 2408 urbe
498 2358 629 2408 emulatus
639 2369 738 2424 ageret,
748 2356 884 2424 provinciae
897 2356 976 2406 Lusi·

75 2430 146 2480 teniae
157 2433 287 2497 praeficitur
299 2451 304 2480 :
318 2433 362 2481 ubi
375 2449 453 2497 usque
465 2429 497 2479 ad
507 2431 594 2480 civilia
605 2433 691 2491 arma,
703 2449 755 2479 non
767 2447 798 2478 ex
808 2430 894 2493 priore
908 2431 976 2478 infa-

75 2504 139 2566 mil,
151 2506 193 2554 sed
200 2496 296 2578 integri
306 2506 438 2572 sanctique
448 2507 514 2572 egit,
526 2520 619 2571 procax
629 2505 692 2572 otii,
701 2515 727 2553 et
735 2503 867 2584 pqtestatis
876 2513 976 2571 tempe·

75 2591 177 2628 rantror.
383 2597 385 2600 ·
582 2600 587 2611 =

108 2643 171 2693 XLV
176 2643 210 2698 11.
223 2645 352 2698 Hactenus
360 2647 429 2696 Nero
440 2646 542 2711 flagitiis
552 2657 579 2694 et
587 2643 722 2693 sceleribus
733 2642 875 2691 velamenta
888 2644 975 2707 quaesi·

78 2718 291 2784 vit.Suspectabat
301 2719 410 2775 maximi
420 2716 683 2778 Cornelium‘Snllam,
692 2733 777 2766 socors
785 2716 915 2782 ingenium
922 2719 976 2781 ejus

80 2793 105 2842 in
112 2794 261 2854 centrarium
269 2793 379 2855 trahens,
386 2793 555 2858 callidumque
563 2805 588 2842 et
595 2793 768 2842 simulatorem
776 2791 974 2856 interpretando.

79 2865 156 2925 Quem
165 2876 261 2913 metum
268 2864 393 2933 Graptus,
405 2883 436 2930 ex
444 2867 543 2915 libertis
553 2867 668 2929 Caesaris,
676 2883 723 2914 usu
732 2878 759 2914 et
768 2864 867 2914 renecti
876 2864 891 2912 d
899 2864 976 2913 Tibe·

63 2935 64 2938 ¹
80 2941 197 3004 sinusque
205 2940 308 2989 domum
315 2944 459 3010 principum
468 2939 772 3004 edoctus,talimendacio
780 2939 898 2988 intendit.
907 2939 975 2988 Pons

80 3017 201 3076 Mulvius,
214 3019 239 3064 in
252 3032 282 3065 eo
294 3028 422 3083 tempore,
435 3017 543 3067 celebris
554 3019 685 3066 nocturnis
694 3015 819 3065 illecebris
832 3025 902 3070 erat;
914 3027 975 3063 veu-

11 3103 13 3108 ·
80 3091 211 3153 titubatque
221 3091 281 3138 illuc
288 3085 370 3147 Nero,¹
377 3090 427 3155 qud
436 3089 552 3153 solutius,
561 3093 650 3140 urbem
656 3097 739 3149 extra,
748 3089 884 3137 lasciviret.
893 3085 976 3150 Igitur

81 3162 252 3228 «regredienti
266 3167 320 3229 per'
329 3165 397 3214 riam
411 3165 562 3213 Flaminiam
577 3164 730 3228 compositas
742 3162 861 3218 insidias,
873 3158 975 3220 fatoque

81 3236 195 3295 evitatas,
207 3238 326 3299 quoniam
340 3235 440 3284 diverso
456 3237 547 3284 itinere
561 3235 727 3283 Sallustianos
742 3233 768 3278 in
779 3232 868 3280 hortos
879 3245 977 3278 remest-

8 3355 11 3370 ,
81 3310 152 3372 terit,
166 3323 344 3378 auctoremque
361 3311 414 3376 eius
431 3307 484 3358 doli
498 3307 593 3357 Sullam
603 3323 637 3369 u,
653 3307 789 3354 ementitur
803 3321 809 3350 ε
821 3306 881 3368 qnia
893 3300 972 3361 lorti,

770 3377 815 3427 15

1040 1082 1044 1113 l
