2100 3709
305 77 540 134 utsccattrturr
562 82 625 119 nte.
643 86 664 122 r.
751 64 755 70 ’
889 68 939 147 529

2 156 158 221 ff'aurini,
168 155 287 226 Lugduni
296 161 468 210 tendentibus.
480 161 533 210 blec
544 161 569 209 in
582 160 681 212 Raticir
691 160 771 227 copiir
784 177 863 225 more,
872 180 938 229 quo-

4 232 118 281 tniuire
128 236 214 284 statim
227 234 433 299 adjungerentur.
442 234 480 282 Ne
492 236 518 283 in
529 228 657 283 Britannil
669 235 772 299 quidem
785 234 939 287 dubitatum.

59 308 122 355 Lx.
132 306 240 357 Praeerat
247 306 387 356 Trebellius
395 307 532 361 Maximus.
547 322 592 371 per
603 308 772 357 avaritiamne
782 308 866 359 sordes
876 325 939 359 con·

16 378 150 446 temptas
167 382 289 430 exercitui
306 380 639 446 invisusquc.'Acoendebnt
658 382 746 431 odium
760 382 813 445 ejus
834 386 940 435 Roscius

17 452 145 509 Coelius.
159 453 257 519 legatus
272 455 397 504 vicesima
413 454 533 519 legionis,
552 456 612 505 olim
631 455 741 517 diacore,
752 455 797 505 eed
808 451 940 506 occarione
1040 495 1043 501 .

13 522 151 574 civilium
161 541 291 576 armornm
302 526 414 577 atrocibs
422 540 581 593 proruperat.
594 528 736 577 Trebellius
747 547 762 577 a
772 529 922 579 seditionem
930 567 940 591 ,

20 609 56 646 et
74 597 214 647 confusum
226 599 342 649 ordinem
352 599 491 665 disciplinae
501 600 606 667 Coelio,·
625 602 743 667 spoliatas
757 613 783 650 et
800 602 887 669 inopes
903 604 941 651 le·
1014 646 1037 657 ,,

22 669 232 734 gioneeCoelius
245 671 374 720 Trebellio
387 670 532 733 objectabat
545 689 551 719 ι
565 688 643 735 quum
658 674 774 735 interim,
787 670 859 723 toed'u
870 674 941 740 legar-

20 754 123 793 torom
132 746 313 795 certaminibue
321 745 445 796 modestia
453 745 578 795 exercitiis
586 748 713 812 corrupte,
725 746 803 812 edque
812 747 942 805 discordie
1026 764 1027 767 ’
1047 726 1048 739 ³

19 828 158 878 ventum,
170 831 198 868 ut
211 819 371 869 auxiliarium
382 836 483 885 quoque
498 821 609 881 rnilitum
626 821 749 869 conviciis
761 822 939 887 proturbatus,

21 904 54 940 et
65 893 260 958 aggregantibus
270 910 296 942 se
305 894 386 945 Coelio
396 892 544 957 bubonibus
555 892 664 958 alisque,
676 892 788 943 desertus
799 894 940 944 Trebellius

23 962 62 1013 ad
72 965 209 1015 Vitellium
219 966 356 1033 perfugerit
367 967 452 1032 :quies
458 968 595 1033 provincie
601 1003 608 1027 ,
618 982 761 1031 quanquam
770 978 869 1017 remoto
877 984 940 1016 con-

21 1037 113 1084 sulari
122 1041 235 1096 ‚mansit
249 1057 255 1087 z
269 1040 356 1089 rexere
369 1040 447 1104 legati
459 1041 602 1106 legionum,
618 1055 691 1106 pares
710 1040 774 1109 jure,
790 1040 881 1099 Coelius
892 1056 940 1089 an-

20 1110 121 1159 dendo
135 1112 272 1177 potentior.

61 1183 137 1235 th.
150 1185 278 1251 Adiuncto
292 1185 438 1235 Britannico
453 1190 581 1249 exercitu,
592 1190 681 1253 ingens
693 1188 789 1237 vitibus
800 1190 940 1255 opibusque

22 1256 172 1319 Vitellius,
184 1258 249 1308 duos
265 1258 356 1319 duces,
368 1258 420 1309 duo
435 1260 525 1325 itinera
539 1261 607 1309 bello
621 1260 764 1309 destinarit.
779 1261 871 1309 Fabius
882 1262 938 1309 Va·

24 1330 90 1378 lens
107 1332 249 1389 «allicere,
268 1333 306 1380 rel
322 1334 344 1381 si
359 1333 515 1395 abnuerent,
533 1344 631 1381 vastare
646 1331 754 1393 Galliae,
772 1345 798 1381 et
815 1334 939 1383 Cottianis
980 1352 985 1359 ·

23 1402 145 1467 Alpibus
163 1403 262 1453 ltaliam
280 1407 435 1471 irrumpere:
450 1406 562 1459 Coectna
574 1408 691 1471 propiore
703 1408 826 1463 transitu,
836 1404 939 1455 Peniuis

27 1475 103 1541 jugie
123 1475 251 1541 degredi»
271 1476 484 1541 jussuesValenti
503 1476 636 1527 interioria
647 1477 772 1527 exercitiis
790 1478 863 1525 electi
881 1493 939 1527 cum

26 1546 121 1611 aquili
137 1549 231 1624 quieta
248 1550 370 1613 legionis,
389 1562 414 1599 et
429 1549 578 1600 cohortibus
594 1551 707 1615 alisque,
725 1550 756 1599 ad
775 1549 939 1613 quadraginta

24 1619 116 1669 millia
128 1629 285 1672 armatorum
300 1621 357 1673 data
368 1642 374 1671 ι
385 1624 489 1688 triginta
500 1624 583 1673 millia
593 1625 690 1675 Carine
702 1623 715 1670 ὲ
728 1622 857 1688 superiore
871 1622 938 1671 Ger·

25 1692 120 1744 manib
131 1694 254 1755 ducebat,
267 1705 377 1763 quorum
388 1698 466 1747 robur
475 1699 541 1763 legio
552 1696 601 1749 un'a
612 1709 639 1746 et
651 1696 840 1747 vicesimaluit:
851 1696 937 1752 addita

25 1768 136 1831 utrique
150 1768 335 1820 Germanorum
348 1772 455 1829 auxilia,
467 1771 582 1835 equibus
594 1772 705 1822 vitellius
714 1786 771 1822 ettae
782 1784 882 1835 quoque
892 1786 938 1819 co·

23 1841 85 1907 piae
96 1842 239 1907 supplevit,
249 1843 303 1898 told
310 1844 379 1894 mole
391 1843 454 1892 belli
464 1856 605 1896 secuturus.

62 1913 148 1964 tht.
159 1914 224 1965 Mira
233 1917 445 1969 intcceaereitum
455 1920 681 1985 imperatoremque
690 1918 832 1969 divertitur.
842 1916 938 1967 luctare

1 2029 6 2049 ,
23 1988 127 2048 milen,
146 2005 214 2038 erma
231 2008 352 2056 poscere,
370 1992 456 2039 adum
470 1994 558 2041 Galliae
575 1990 715 2059 trepident,
734 1994 795 2043 dum
812 1990 937 2058 Hispanias

25 2074 186 2125 cunctentur
198 2081 204 2110 ι
219 2082 271 2113 non
288 2066 388 2113 obstare
402 2064 530 2127 hiemem,
548 2081 629 2127 neque
643 2067 737 2129 ignavae
750 2070 817 2131 pacis
834 2082 935 2115 motas:

25 2135 204 2185 invadendam
218 2136 328 2194 ltaliam,
340 2136 514 2201 occupandam
529 2138 616 2185 urbem
632 2156 638 2185 ε
650 2138 715 2187 nihil
727 2142 750 2187 iu
762 2138 938 2189 discordiisci-

28 2210 131 2258 vilibus
140 2208 299 2259 seminatione
310 2210 406 2263 tntiue,
420 2208 466 2255 ubi
478 2208 545 2256 lacto
558 2210 650 2275 mapir,
662 2210 737 2274 quiam
749 2212 864 2257 consulto
875 2228 938 2277 opus

29 2293 135 2332 esset».
148 2272 280 2349 Torpebat
292 2282 426 2341 Vitellius,
440 2292 465 2329 et
477 2280 606 2330 fortunam
622 2282 777 2347 principaris
788 2283 862 2331 inerti
876 2282 938 2333 luxu

28 2372 62 2405 ac
73 2354 188 2421 prodigis
197 2355 470 2420 epulispraesumebat,
483 2354 567 2403 medio
576 2356 628 2403 diei
641 2358 808 2411 temulentus,
819 2350 845 2403 ct
854 2356 938 2419 regini

29 2428 136 2495 gravis,
150 2444 229 2491 quum
242 2439 328 2475 tamen
339 2426 416 2473 ardor
427 2436 453 2473 et
464 2428 501 2476 ria
513 2428 625 2474 militum
635 2428 702 2476 ultrb
714 2428 878 2475 ducirmuuia
887 2430 939 2475 im·

30 2502 137 2569 plebat,
149 2514 177 2550 nt
185 2506 208 2550 tt
218 2501 316 2551 adesset
323 2501 474 2564 imperator,
487 2510 512 2547 ct
521 2501 645 2571 strenuis,
655 2502 696 2548 vel
705 2502 800 2565 ignaris
808 2516 879 2565 spem
887 2514 940 2549 me·

31 2589 141 2640 tumque
153 2574 266 2624 adderet.
277 2573 400 2624 Instructi
411 2573 555 2634 intentique
568 2575 691 2637 usignum
700 2571 885 2639 profectionisn
895 2591 941 2623 ex·
1015 2639 1020 2643 ἡ

30 2661 161 2717 poscunt:
174 2650 277 2699 nominc
297 2647 455 2699 Gemtanici
468 2646 574 2695 Vitellio
587 2649 671 2696 statim
685 2645 792 2697 addito:
806 2647 940 2701 Coescrem

28 2741 58 2772 se
77 2723 198 2787 appellari
211 2724 287 2771 etiarn
299 2722 378 2769 victor
392 2718 532 2786 probibuit.
546 2719 643 2769 Lectum
655 2723 788 2788 augurium
797 2722 877 2772 Fabio
888 2726 940 2773 Va.

32 2797 101 2845 lenti
110 2831 116 2853 ,
124 2797 306 2859 exercituique,
316 2796 426 2857 quentin
435 2792 531 2841 bellum
540 2793 643 2857 egebit,
652 2795 706 2859 ipro
715 2794 876 2861 profectionis
883 2794 938 2856 die,

35 2844 121 2937 aquila
136 2870 188 2919 leni
200 2880 298 2932 meatu,
310 2878 387 2934 prout
398 2883 488 2932 agmen
500 2867 643 2927 incederet,
654 2870 725 2918 velut
737 2869 788 2919 dux
800 2872 845 2919 viae
857 2908 863 2929 ,
875 2890 941 2939 pre-

35 2946 134 2996 rolavit
144 2962 149 2994 :
162 2946 315 3010 longumque
328 2959 373 3010 per
383 2942 508 3007 spatium,
516 2941 538 2989 is
547 2942 709 3007 gaudentium
717 2943 827 2993 militurn
837 2948 942 3007 clamor,

37 3037 68 3069 ea
84 3020 154 3084 quies
174 3019 292 3067 interritae
306 3017 373 3066 alitia
390 3015 454 3080 fuit,
471 3026 500 3064 ut
510 3014 580 3074 band
596 3017 700 3067 dubium
715 3034 810 3083 magnae
828 3031 941 3085 etproi-

33 3110 102 3161 pcrre
114 3092 151 3139 rei
161 3106 236 3139 omen
246 3092 412 3156 acciperetur.

71 3162 166 3213 LXlII.
186 3162 219 3211 Et
230 3162 352 3212 Treveros
362 3160 468 3227 quidem
477 3172 507 3209 nt
516 3162 599 3213 sotios
611 3164 694 3213 securi
702 3162 785 3210 adiere
797 3180 803 3209 ε
818 3162 942 3213 Divoduri

41 3238 308 3306 (mediomatricorum
325 3238 352 3287 id
371 3235 494 3303 oppidum
510 3236 563 3303 ert)
576 3252 718 3301 quenquam
736 3237 805 3284 omni
822 3239 944 3287 comitate

44 3325 176 3384 exceptos,
186 3306 284 3367 subitus
292 3331 373 3387 paror
382 3312 519 3376 exterruit,
528 3305 607 3385 raptii
615 3311 749 3383 derepente
757 3312 845 3374 armis,
856 3311 889 3365 ad
899 3328 943 3365 ce·
