2100 3709
104 88 155 141 582
424 92 450 130 c.
468 85 563 128 cortu.
581 86 696 128 rtcrrt
740 113 744 128 ,
764 141 768 148 ⁵
813 136 817 144 Ι

103 181 201 243 cecina
212 176 278 226 inter
288 169 440 231 Hostilium,
451 172 536 222 vicum
544 172 748 232 veronensium,
759 181 786 222 et
795 171 912 240 paludes
922 173 989 225 Ter

101 252 227 312 fluminis,
246 258 328 297 costra
340 246 496 312 permuniitr
514 257 586 294 tutus
606 245 680 304 loco,
697 262 776 310 quum
797 257 867 313 terga
895 249 1014 298 ssumin

100 324 290 388 heerscbjectn
303 319 404 387 paludis
420 329 586 386 tegerentur:
603 317 675 384 qndd
690 320 711 368 si
723 318 843 369 adfuisset
865 321 962 385 tides,
989 340 1011 372 n

100 401 210 476 opprimi
223 396 347 447 universis
356 394 554 444 Vitellianorum
569 394 665 444 uiribus
685 393 740 442 dnn
753 395 885 460 legiones,
899 396 1012 446 nontin

99 481 236 542 coniuncto
252 471 355 520 lilmsico
378 470 506 525 exercitu,
528 464 651 534 potuere,
675 479 719 530 aunt
732 480 800 516 retro
816 482 895 527 actae,
920 471 1023 521 deserti

98 551 185 610 ltsiil,
197 558 298 612 turpem
310 541 396 607 fugam
406 542 596 590 conscivissent.
612 539 662 588 sed
674 541 785 598 Cucios,
802 559 847 608 per
859 543 956 608 rar-ias
968 562 1024 594 mo·

97 645 155 686 m,
168 625 251 691 prims
273 616 388 666 bostibus
398 616 522 681 prodidit
539 627 654 681 tempora
671 615 751 682 belli,
770 615 832 664 dum
848 633 920 682 quos
941 619 1022 668 armis

96 702 191 771 pellere
206 701 354 762 promptum
372 701 444 746 erat,
463 690 577 755 epistolis
597 690 729 754 increpat,
748 688 828 740 donec
843 707 890 756 per
910 691 1020 740 nuntior

97 787 171 844 pacta
180 768 291 839 perfidia
302 765 423 817 mmaret.
432 763 540 814 Interim
549 762 664 832 Aponius
674 763 826 813 Saturninus
837 779 897 813 cnm
911 765 1019 830 legione

96 846 205 917 sspfiil
216 837 353 893 Claudiani
363 837 482 887 advenit:
499 839 594 904 legioni
606 837 725 886 tribunus
738 838 878 902 Vipstanus
889 838 1017 888 Messalla

95 933 218 996 preerat,
226 916 305 968 claris
313 914 468 980 majoribus,
480 915 594 982 egregins
606 913 676 980 ipsc,
693 915 774 978 etqui
786 914 854 961 solus
864 911 897 960 sd
914 913 944 962 id
957 915 1015 963 bel·
1031 967 1032 974 ,

78 1001 148 1053 ,lum
158 1006 224 1046 artes
238 991 319 1040 bonis
330 989 468 1042 attulisset.
485 989 538 1038 Has
553 987 584 1036 ad
598 987 699 1054 copias,
713 1002 873 1052 nequaquam
885 986 1014 1036 Vitellis·
1032 995 1033 1088 p

90 1073 132 1124 nis
143 1085 214 1138 psres
225 1064 336 1132 (quippe
347 1074 398 1110 tres
410 1062 494 1112 adbuc
504 1062 618 1128 legiones
633 1061 720 1130 erant)
734 1061 804 1112 misit
815 1060 941 1127 epistoliis
955 1062 1013 1110 Cre·
1032 1113 1033 1144 ,

91 1147 168 1202 cina,
182 1138 363 1193 temeritatem
380 1139 454 1188 victo
469 1155 549 1190 arma
569 1139 754 1189 tractantium
773 1135 891 1185 incussus
908 1152 915 1182 ι
931 1135 1011 1183 simul
1032 1145 1033 1216 p

91 1219 176 1271 virtus
191 1213 348 1264 Germanici
362 1204 495 1262 exercitiis
507 1209 626 1260 laudibus
638 1209 817 1266 attollebatur,
828 1205 933 1260 Vitellii
952 1224 1011 1272 nio·
1032 1237 1033 1256 ;

91 1276 162 1348 dici,
183 1299 209 1338 et
229 1286 325 1350 vulgari
341 1283 488 1347 mentione,
499 1283 569 1332 nulli
590 1285 616 1333 in
635 1283 818 1349 Vespasianum
832 1280 1010 1330 contumeliis:

89 1364 156 1415 nibil
169 1359 289 1430 prorsirs,
300 1356 370 1423 qnod
386 1367 431 1406 snt
442 1369 617 1424 corrumperet
630 1357 746 1421 lr'ostem,
758 1369 801 1406 snt
815 1367 932 1406 terreret.
946 1356 1009 1404 Fla·

89 1440 222 1488 rianarnnr
231 1435 343 1500 portium
354 1430 431 1480 duces
441 1467 447 1489 ,
457 1431 550 1480 omissi
563 1431 656 1496 prioris
666 1431 772 1480 lor-trime
781 1429 810 1478 de
815 1430 946 1488 tensione,
960 1445 1007 1494 pro

89 1511 247 1579 Vesptsisno
257 1503 388 1570 magnifici
397 1520 458 1570 ,pro
468 1503 543 1552 causi
551 1504 663 1553 'tidenter
671 1540 678 1567 ,
687 1503 718 1551 de
727 1504 800 1554 exitu
807 1502 903 1566 securi,
914 1501 942 1549 in
956 1501 1007 1551 Vi·

89 1587 192 1636 tellium
201 1594 231 1632 nt
238 1579 554 1645 inimici3presumpsdre'3
565 1577 630 1628 ficti
641 1577 751 1628 tribunis
759 1575 1003 1639 centurionibusque

90 1659 241 1717 retinendi,
252 1672 316 1725 quse
334 1652 465 1705 Vitellius
475 1651 654 1710 indulsisset,
664 1667 724 1718 spe:
737 1663 815 1717 sique
826 1653 909 1715 ipsum
921 1649 1003 1696 Caeci·

88 1749 149 1784 nrm
161 1748 211 1781 oon
222 1726 328 1778 obscuri
338 1725 369 1774 sd
379 1709 556 1774 transitionem
564 1723 740 1775 hortabantur.
750 1726 872 1775 Recitatis
879 1739 929 1791 pro
938 1740 1002 1772 con-

88 1807 161 1855 cione
171 1802 284 1871 epistolas
295 1797 415 1848 addidere
430 1795 547 1848 fiducism
559 1835 566 1858 ,
583 1797 652 1863 qudd
664 1797 789 1847 submisse
802 1800 898 1849 Cercina
910 1833 917 1856 ,
929 1797 1002 1846 relnt

88 1877 215 1927 ollenders
225 1871 409 1938 Vespssisnum
420 1870 525 1928 timeus,
537 1871 651 1936 ipsorum
662 1869 740 1920 duces
750 1871 934 1938 contemptim,
945 1881 1001 1918 tsn-

87 1967 163 2018 qnsm
174 1948 322 1997 insultantes
330 1943 451 2000 Vitellio,
461 1943 632 2010 scripsissent.
866 2001 871 2010 ,

118 2026 153 2073 X.
172 2021 293 2071 Adventu
305 2016 397 2067 deinde
409 2015 518 2068 ducrum
532 2018 679 2084 legionum,
692 2018 706 2068 ὲ
718 2020 809 2085 quibus
826 2018 929 2069 tertium
942 2013 999 2064 Dil-

84 2095 137 2148 lius
155 2093 320 2162 Aponianus,
335 2102 452 2141 octarsm
472 2091 602 2142 Numisius
613 2095 701 2160 Lupus
716 2093 856 2157 ducebant,
869 2101 998 2141 ostentare

86 2175 171 2230 uires,
184 2182 211 2222 et
219 2169 325 2218 militari
336 2167 404 2216 vallo
413 2170 543 2217 Veronam
558 2169 715 2219 circumdare
727 2170 829 2235 placuit.
843 2166 918 2218 Fortis
934 2164 998 2216 Gal·

85 2248 166 2298 bisnss
175 2241 269 2309 legioni
279 2243 305 2290 in
315 2240 422 2290 adversi
430 2241 515 2290 lroute
523 2241 586 2291 ralli
595 2259 660 2310 opus
671 2254 794 2303 cesserat,
806 2253 831 2290 et
846 2242 893 2288 risi
901 2237 996 2304 procul

86 2322 213 2373 sociorum
225 2318 337 2383 equites,
346 2333 436 2365 ranam
446 2314 621 2378 formidinem,
632 2330 660 2367 ut
670 2316 766 2374 hostes,
775 2314 865 2366 lesere.
875 2315 994 2379 Rupiun-
1034 2315 1036 2384 l

86 2406 128 2445 tnr
139 2408 223 2454 sirus,
233 2400 259 2438 et
269 2400 299 2437 nt
310 2387 461 2455 proditionis
468 2389 504 2437 irs
513 2389 626 2438 militnm
636 2390 663 2440 in
672 2391 704 2438 T.
716 2387 837 2456 Ampium
845 2387 994 2436 Flavianum

87 2468 218 2529 incubuit,
235 2464 308 2513 nullo
327 2463 439 2512 criminis
457 2474 625 2528 argumento,
641 2463 685 2514 sed
699 2462 749 2528 ism
764 2463 861 2529 pridem
881 2462 991 2522 invisus,

82 2543 188 2593 suibus
200 2537 310 2605 qnodsrn
322 2536 354 2585 nd
363 2536 653 2602 esitium-poscebant:
667 2554 682 2586 c
692 2538 863 2603 propinquum
874 2537 989 2595 Vitellii,

87 2617 243 2685 proditorem
255 2611 378 2676 Othonis,
392 2613 588 2676 interceptorem
600 2610 736 2662 donativis
751 2612 922 2661 clamitabant.
937 2613 989 2661 Nec

89 2690 230 2741 defensioni
239 2682 326 2750 locus,
334 2695 478 2751 quanquam
487 2685 614 2750 supplices
623 2703 712 2736 manns
719 2686 846 2748 tenderet,
856 2686 924 2734 humi
933 2688 989 2752 ple-

88 2779 197 2826 rumque
208 2773 312 2822 stritus,
323 2759 406 2810 laceri
414 2763 498 2819 reste,
511 2772 600 2826 pectus
610 2772 684 2826 atque
692 2777 736 2810 ora
745 2761 856 2826 singultu
865 2762 988 2824 quatiens:

89 2839 117 2888 id
125 2839 208 2903 ipsum
220 2837 288 2904 spnd
300 2835 411 2886 infensos
419 2837 611 2887 incitamentum
624 2850 691 2901 erat,
704 2849 822 2904 tanquam
839 2836 930 2886 nimius
941 2853 989 2902 ps·

88 2927 136 2962 vor
145 2910 326 2958 conscientium
340 2922 464 2974 argueret.
478 2909 670 2960 Obtnrbsbstnr
681 2911 793 2961 militum
805 2910 907 2957 uocibus
917 2909 984 2974 Apo-

88 2986 147 3035 nius
157 3019 164 3044 ,
175 2999 253 3048 quum
267 2983 338 3046 loqui
347 2995 467 3050 coeptsret
478 3001 485 3033 ι
496 2983 599 3032 lrcmitn
612 2995 637 3032 et
653 2985 763 3034 clamore
778 2996 874 3034 ceteros
890 2983 985 3049 adsper-

88 3069 183 3108 nantur
193 3075 199 3106 z
211 3057 254 3104 uni
269 3054 383 3106 Antonio
394 3056 607 3123 spertemilitum
619 3073 692 3106 cures
702 3076 708 3106 ε
720 3071 828 3120 namque
839 3067 867 3104 et
877 3055 984 3104 facundia

90 3130 193 3190 sderst,
203 3127 380 3194 mulcendique
390 3131 494 3196 rnlgnm
507 3141 585 3193 artes,
598 3143 623 3178 et
632 3133 776 3182 suctoritas.
788 3131 839 3178 Ubi
847 3128 982 3179 crudescere

89 3204 194 3262 seditio,
204 3204 250 3253 eti
260 3203 383 3253 conviciis
392 3215 418 3252 et
426 3205 541 3271 probris,
552 3204 584 3252 ad
595 3206 643 3252 tela
650 3215 677 3254 et
685 3221 774 3255 manns
786 3205 923 3253 transibant
932 3209 980 3262 ,in-

81 3278 140 3346 jici
148 3287 262 3330 cotenes
269 3277 391 3326 Flaviano
400 3278 479 3342 jubet.
488 3279 574 3327 Sensit
582 3277 721 3328 ludibrium
733 3279 816 3335 miles,
824 3272 979 3342 disiectisque,

88 3350 257 3410 questuosi
270 3349 424 3414 tuebantur,
436 3363 547 3403 extrema
556 3351 595 3405 sis
606 3352 750 3420 parabitur.
769 3352 897 3422 Opposuit
908 3353 981 3402 sinum

804 3426 849 3464 ,Νι
917 3433 919 3438 ’
