<?xml version="1.0" encoding="UTF-8"?>
<!DOCTYPE html PUBLIC "-//W3C//DTD XHTML 1.0 Transitional//EN"
    "http://www.w3.org/TR/xhtml1/DTD/xhtml1-transitional.dtd">
<html xmlns="http://www.w3.org/1999/xhtml" xml:lang="en" lang="en">
 <head>
  <title>
</title>
<meta http-equiv="Content-Type" content="text/html;charset=utf-8" />
  <meta name='ocr-system' content='tesseract 3.04.00' />
  <meta name='ocr-capabilities' content='ocr_page ocr_carea ocr_par ocr_line ocrx_word'/>
</head>
<body>
  <div class='ocr_page' id='page_1' title='image "./ccorntacitioper00brotgoog_0428.png"; bbox 0 0 2100 3709; ppageno 0'>
   <div class='ocr_carea' id='block_1_1' title="bbox 278 61 934 137">
    <p class='ocr_par' dir='ltr' id='par_1_1' title="bbox 278 61 934 137">
     <span class='ocr_line' id='line_1_1' title="bbox 278 61 934 137; baseline 0.009 -6"><span class='ocrx_word' id='word_1_1' title='bbox 278 93 516 134; x_wconf 80' lang='lat' dir='ltr'><strong>nrsronrnnusr</strong></span> <span class='ocrx_word' id='word_1_2' title='bbox 539 61 604 132; x_wconf 71' lang='lat' dir='ltr'><strong>ursi.</strong></span> <span class='ocrx_word' id='word_1_3' title='bbox 627 98 670 133; x_wconf 84' lang='grc' dir='ltr'><strong>ιν.</strong></span> <span class='ocrx_word' id='word_1_4' title='bbox 883 86 934 137; x_wconf 75' lang='grc' dir='ltr'><strong>4ιὸ</strong></span> 
     </span>
    </p>
   </div>
   <div class='ocr_carea' id='block_1_2' title="bbox 5 170 962 2087">
    <p class='ocr_par' dir='ltr' id='par_1_2' title="bbox 5 170 962 684">
     <span class='ocr_line' id='line_1_2' title="bbox 5 170 962 243; baseline 0 -16"><span class='ocrx_word' id='word_1_5' title='bbox 5 170 86 227; x_wconf 72' lang='lat' dir='ltr'><strong>nihil</strong></span> <span class='ocrx_word' id='word_1_6' title='bbox 104 174 261 241; x_wconf 83' lang='lat' dir='ltr'><strong>prodesse¹</strong></span> <span class='ocrx_word' id='word_1_7' title='bbox 237 188 336 239; x_wconf 76' lang='grc' dir='ltr'><strong>ιιι-ιιι,</strong></span> <span class='ocrx_word' id='word_1_8' title='bbox 350 175 402 225; x_wconf 83' lang='lat' dir='ltr'><strong>sors</strong></span> <span class='ocrx_word' id='word_1_9' title='bbox 418 186 509 224; x_wconf 81' lang='lat' dir='ltr'><strong>cuncta</strong></span> <span class='ocrx_word' id='word_1_10' title='bbox 529 177 645 242; x_wconf 81' lang='lat' dir='ltr'><strong>turbare,</strong></span> <span class='ocrx_word' id='word_1_11' title='bbox 664 186 690 225; x_wconf 88' lang='lat' dir='ltr'><strong>et</strong></span> <span class='ocrx_word' id='word_1_12' title='bbox 703 175 854 241; x_wconf 79' lang='lat' dir='ltr'>ignavorum</span> <span class='ocrx_word' id='word_1_13' title='bbox 870 193 935 243; x_wconf 75' lang='lat' dir='ltr'><strong>sepe</strong></span> <span class='ocrx_word' id='word_1_14' title='bbox 959 186 962 190; x_wconf 76' lang='grc'>’</span> 
     </span>
     <span class='ocr_line' id='line_1_3' title="bbox 13 240 935 315; baseline 0.002 -16"><span class='ocrx_word' id='word_1_15' title='bbox 13 251 77 306; x_wconf 79' lang='lat' dir='ltr'><strong>&#39;telis</strong></span> <span class='ocrx_word' id='word_1_16' title='bbox 94 248 231 299; x_wconf 78' lang='lat' dir='ltr'><strong>fortissimi</strong></span> <span class='ocrx_word' id='word_1_17' title='bbox 244 240 341 298; x_wconf 75' lang='lat' dir='ltr'><strong>cedere</strong></span> <span class='ocrx_word' id='word_1_18' title='bbox 356 246 434 315; x_wconf 86' lang='lat' dir='ltr'>Apud</span> <span class='ocrx_word' id='word_1_19' title='bbox 449 247 603 310; x_wconf 84' lang='lat' dir='ltr'><strong>Germanos,</strong></span> <span class='ocrx_word' id='word_1_20' title='bbox 617 250 827 299; x_wconf 75' lang='lat' dir='ltr'><strong>inconsultans</strong></span> <span class='ocrx_word' id='word_1_21' title='bbox 836 253 935 301; x_wconf 84' lang='lat' dir='ltr'><strong>Rome·</strong></span> 
     </span>
     <span class='ocr_line' id='line_1_4' title="bbox 12 318 937 387; baseline 0.001 -16"><span class='ocrx_word' id='word_1_22' title='bbox 12 337 65 371; x_wconf 86' lang='lat' dir='ltr'><strong>nus</strong></span> <span class='ocrx_word' id='word_1_23' title='bbox 78 323 171 382; x_wconf 88' lang='lat' dir='ltr'><strong>miles,</strong></span> <span class='ocrx_word' id='word_1_24' title='bbox 184 322 357 387; x_wconf 85' lang='lat' dir='ltr'>periculorum</span> <span class='ocrx_word' id='word_1_25' title='bbox 369 338 475 385; x_wconf 77' lang='lat' dir='ltr'><strong>gnarus,</strong></span> <span class='ocrx_word' id='word_1_26' title='bbox 489 318 594 371; x_wconf 81' lang='lat' dir='ltr'><strong>ferratas</strong></span> <span class='ocrx_word' id='word_1_27' title='bbox 605 322 694 382; x_wconf 85' lang='lat' dir='ltr'><strong>sudes,</strong></span> <span class='ocrx_word' id='word_1_28' title='bbox 705 324 791 386; x_wconf 79' lang='lat' dir='ltr'><strong>gravia</strong></span> <span class='ocrx_word' id='word_1_29' title='bbox 801 339 874 381; x_wconf 80' lang='lat' dir='ltr'><strong>sors,</strong></span> <span class='ocrx_word' id='word_1_30' title='bbox 885 340 937 387; x_wconf 87' lang='lat' dir='ltr'><strong>non</strong></span> 
     </span>
     <span class='ocr_line' id='line_1_5' title="bbox 11 394 936 461; baseline 0.001 -16"><span class='ocrx_word' id='word_1_31' title='bbox 11 394 86 445; x_wconf 70' lang='lat' dir='ltr'><strong>forte</strong></span> <span class='ocrx_word' id='word_1_32' title='bbox 96 396 214 459; x_wconf 74' lang='lat' dir='ltr'><strong>iaciebat.</strong></span> <span class='ocrx_word' id='word_1_33' title='bbox 224 396 276 443; x_wconf 91' lang='lat' dir='ltr'><strong>Ubi</strong></span> <span class='ocrx_word' id='word_1_34' title='bbox 288 412 364 443; x_wconf 89' lang='lat' dir='ltr'><strong>sonus</strong></span> <span class='ocrx_word' id='word_1_35' title='bbox 376 395 554 455; x_wconf 74' lang='lat' dir='ltr'><strong>molientium,</strong></span> <span class='ocrx_word' id='word_1_36' title='bbox 566 407 612 444; x_wconf 82' lang='lat' dir='ltr'><strong>out</strong></span> <span class='ocrx_word' id='word_1_37' title='bbox 623 398 744 461; x_wconf 72' lang='lat' dir='ltr'><strong>apposite</strong></span> <span class='ocrx_word' id='word_1_38' title='bbox 753 395 823 443; x_wconf 77' lang='lat' dir='ltr'><strong>scales</strong></span> <span class='ocrx_word' id='word_1_39' title='bbox 834 396 936 445; x_wconf 88' lang='lat' dir='ltr'><strong>hostem</strong></span> 
     </span>
     <span class='ocr_line' id='line_1_6' title="bbox 14 468 938 535; baseline -0.002 -16"><span class='ocrx_word' id='word_1_40' title='bbox 14 471 42 519; x_wconf 89' lang='lat' dir='ltr'><strong>in</strong></span> <span class='ocrx_word' id='word_1_41' title='bbox 57 486 156 519; x_wconf 64' lang='lat' dir='ltr'><strong>manus,</strong></span> <span class='ocrx_word' id='word_1_42' title='bbox 169 470 292 519; x_wconf 82' lang='lat' dir='ltr'><strong>dederent</strong></span> <span class='ocrx_word' id='word_1_43' title='bbox 301 506 307 529; x_wconf 89' lang='lat'><strong>,</strong></span> <span class='ocrx_word' id='word_1_44' title='bbox 327 469 470 535; x_wconf 81' lang='lat' dir='ltr'>propellere</span> <span class='ocrx_word' id='word_1_45' title='bbox 490 470 615 533; x_wconf 83' lang='lat' dir='ltr'><strong>umbone,</strong></span> <span class='ocrx_word' id='word_1_46' title='bbox 634 468 687 535; x_wconf 93' lang='lat' dir='ltr'><strong>pilo</strong></span> <span class='ocrx_word' id='word_1_47' title='bbox 702 470 788 534; x_wconf 84' lang='lat' dir='ltr'><strong>sequi:</strong></span> <span class='ocrx_word' id='word_1_48' title='bbox 803 470 898 519; x_wconf 84' lang='lat' dir='ltr'><strong>multos</strong></span> <span class='ocrx_word' id='word_1_49' title='bbox 911 469 938 527; x_wconf 83' lang='lat' dir='ltr'><strong>in</strong></span> 
     </span>
     <span class='ocr_line' id='line_1_7' title="bbox 14 544 938 614; baseline 0 -19"><span class='ocrx_word' id='word_1_50' title='bbox 14 548 114 595; x_wconf 83' lang='lat' dir='ltr'><strong>moenia</strong></span> <span class='ocrx_word' id='word_1_51' title='bbox 133 562 260 614; x_wconf 81' lang='lat' dir='ltr'><strong>egressos,</strong></span> <span class='ocrx_word' id='word_1_52' title='bbox 274 546 429 612; x_wconf 74' lang='lat' dir='ltr'>pugionibus</span> <span class='ocrx_word' id='word_1_53' title='bbox 442 544 538 597; x_wconf 85' lang='lat' dir='ltr'><strong>ludere</strong></span> <span class='ocrx_word' id='word_1_54' title='bbox 550 547 593 597; x_wconf 86' lang='lat' dir='ltr'><strong>Sic</strong></span> <span class='ocrx_word' id='word_1_55' title='bbox 605 545 727 596; x_wconf 63' lang='lat' dir='ltr'><strong>exhauste</strong></span> <span class='ocrx_word' id='word_1_56' title='bbox 741 557 830 612; x_wconf 80' lang='lat' dir='ltr'><strong>nocte,</strong></span> <span class='ocrx_word' id='word_1_57' title='bbox 845 562 938 596; x_wconf 81' lang='lat' dir='ltr'><strong>noram</strong></span> 
     </span>
     <span class='ocr_line' id='line_1_8' title="bbox 16 619 291 684; baseline 0 -16"><span class='ocrx_word' id='word_1_58' title='bbox 16 620 103 669; x_wconf 78' lang='lat' dir='ltr'><strong>eciem</strong></span> <span class='ocrx_word' id='word_1_59' title='bbox 115 619 142 680; x_wconf 75' lang='lat' dir='ltr'><strong>(li</strong></span> <span class='ocrx_word' id='word_1_60' title='bbox 143 636 170 668; x_wconf 90' lang='lat' dir='ltr'><strong>es</strong></span> <span class='ocrx_word' id='word_1_61' title='bbox 182 620 291 684; x_wconf 85' lang='lat' dir='ltr'><strong>aperuit.</strong></span> 
     </span>
    </p>

    <p class='ocr_par' dir='ltr' id='par_1_3' title="bbox 16 690 940 1131">
     <span class='ocr_line' id='line_1_9' title="bbox 50 690 939 766; baseline 0 -25"><span class='ocrx_word' id='word_1_62' title='bbox 50 693 144 743; x_wconf 85' lang='lat' dir='ltr'>XXX.</span> <span class='ocrx_word' id='word_1_63' title='bbox 162 692 310 742; x_wconf 80' lang='lat' dir='ltr'><strong>Eduxerant</strong></span> <span class='ocrx_word' id='word_1_64' title='bbox 320 693 410 743; x_wconf 78' lang='lat' dir='ltr'><strong>Butam</strong></span> <span class='ocrx_word' id='word_1_65' title='bbox 421 694 635 761; x_wconf 84' lang='lat' dir='ltr'><strong>turrim,dnplrc1</strong></span> <span class='ocrx_word' id='word_1_66' title='bbox 645 694 758 743; x_wconf 81' lang='lat' dir='ltr'><strong>tabulato</strong></span> <span class='ocrx_word' id='word_1_67' title='bbox 766 690 861 758; x_wconf 75' lang='lat' dir='ltr'><strong>‚quim</strong></span> <span class='ocrx_word' id='word_1_68' title='bbox 870 709 939 766; x_wconf 70' lang='lat' dir='ltr'><strong>prse-</strong></span> 
     </span>
     <span class='ocr_line' id='line_1_10' title="bbox 18 768 939 838; baseline -0.002 -19"><span class='ocrx_word' id='word_1_69' title='bbox 18 781 61 819; x_wconf 88' lang='lat' dir='ltr'><strong>tos</strong></span> <span class='ocrx_word' id='word_1_70' title='bbox 64 770 94 816; x_wconf 82' lang='lat' dir='ltr'><strong>&#39;1ae</strong></span> <span class='ocrx_word' id='word_1_71' title='bbox 106 780 186 834; x_wconf 84' lang='lat' dir='ltr'><strong>portae</strong></span> <span class='ocrx_word' id='word_1_72' title='bbox 200 768 230 836; x_wconf 88' lang='lat' dir='ltr'><strong>(is</strong></span> <span class='ocrx_word' id='word_1_73' title='bbox 239 770 396 833; x_wconf 83' lang='lat' dir='ltr'><strong>aequissimns</strong></span> <span class='ocrx_word' id='word_1_74' title='bbox 404 768 486 837; x_wconf 85' lang='lat' dir='ltr'><strong>locus)</strong></span> <span class='ocrx_word' id='word_1_75' title='bbox 495 774 718 838; x_wconf 73' lang='lat' dir='ltr'><strong>propinquantem,</strong></span> <span class='ocrx_word' id='word_1_76' title='bbox 727 771 840 835; x_wconf 86' lang='lat' dir='ltr'><strong>promoti</strong></span> <span class='ocrx_word' id='word_1_77' title='bbox 850 768 939 817; x_wconf 72' lang='lat' dir='ltr'><strong>contra</strong></span> 
     </span>
     <span class='ocr_line' id='line_1_11' title="bbox 16 841 939 935; baseline 0.003 -45"><span class='ocrx_word' id='word_1_78' title='bbox 16 841 107 890; x_wconf 82' lang='lat' dir='ltr'><strong>validi</strong></span> <span class='ocrx_word' id='word_1_79' title='bbox 120 858 228 901; x_wconf 78' lang='lat' dir='ltr'><strong>asseres,</strong></span> <span class='ocrx_word' id='word_1_80' title='bbox 236 854 263 892; x_wconf 85' lang='lat' dir='ltr'><strong>et</strong></span> <span class='ocrx_word' id='word_1_81' title='bbox 275 844 379 893; x_wconf 72' lang='lat' dir='ltr'><strong>incusste</strong></span> <span class='ocrx_word' id='word_1_82' title='bbox 389 844 474 894; x_wconf 81' lang='lat' dir='ltr'><strong>trabes</strong></span> <span class='ocrx_word' id='word_1_83' title='bbox 485 844 641 909; x_wconf 73' lang='lat' dir='ltr'><strong>perfregere,</strong></span> <span class='ocrx_word' id='word_1_84' title='bbox 648 842 729 891; x_wconf 68' lang='lat' dir='ltr'><strong>multi</strong></span> <span class='ocrx_word' id='word_1_85' title='bbox 740 844 939 935; x_wconf 80' lang='lat' dir='ltr'><strong>superstantium</strong></span> 
     </span>
     <span class='ocr_line' id='line_1_12' title="bbox 16 916 937 990; baseline 0 -25"><span class='ocrx_word' id='word_1_86' title='bbox 16 916 146 985; x_wconf 87' lang='lat' dir='ltr'><strong>pernicie.</strong></span> <span class='ocrx_word' id='word_1_87' title='bbox 140 916 367 985; x_wconf 80' lang='lat' dir='ltr'><strong>.Pugnatunrque</strong></span> <span class='ocrx_word' id='word_1_88' title='bbox 360 931 385 969; x_wconf 86' lang='grc' dir='ltr'><strong>ιιι</strong></span> <span class='ocrx_word' id='word_1_89' title='bbox 394 921 534 990; x_wconf 86' lang='lat' dir='ltr'><strong>perculsos,</strong></span> <span class='ocrx_word' id='word_1_90' title='bbox 543 920 625 969; x_wconf 70' lang='lat' dir='ltr'><strong>subiti</strong></span> <span class='ocrx_word' id='word_1_91' title='bbox 632 931 657 968; x_wconf 89' lang='lat' dir='ltr'><strong>et</strong></span> <span class='ocrx_word' id='word_1_92' title='bbox 665 916 785 985; x_wconf 84' lang='lat' dir='ltr'><strong>prospera</strong></span> <span class='ocrx_word' id='word_1_93' title='bbox 795 920 937 983; x_wconf 77' lang='lat' dir='ltr'><strong>eruptione.</strong></span> 
     </span>
     <span class='ocr_line' id='line_1_13' title="bbox 17 990 940 1059; baseline -0.002 -17"><span class='ocrx_word' id='word_1_94' title='bbox 17 990 108 1042; x_wconf 81' lang='lat' dir='ltr'><strong>Simul</strong></span> <span class='ocrx_word' id='word_1_95' title='bbox 120 990 290 1055; x_wconf 71' lang='lat' dir='ltr'><strong>llegionariis</strong></span> <span class='ocrx_word' id='word_1_96' title='bbox 299 992 409 1055; x_wconf 69' lang='lat' dir='ltr'><strong>‚peritii</strong></span> <span class='ocrx_word' id='word_1_97' title='bbox 421 1004 446 1040; x_wconf 91' lang='lat' dir='ltr'><strong>et</strong></span> <span class='ocrx_word' id='word_1_98' title='bbox 454 1004 506 1041; x_wconf 86' lang='lat' dir='ltr'><strong>erte</strong></span> <span class='ocrx_word' id='word_1_99' title='bbox 516 992 706 1059; x_wconf 75' lang='lat' dir='ltr'><strong>prestantibus,</strong></span> <span class='ocrx_word' id='word_1_100' title='bbox 718 992 792 1057; x_wconf 85' lang='lat' dir='ltr'><strong>plura</strong></span> <span class='ocrx_word' id='word_1_101' title='bbox 803 992 940 1040; x_wconf 84' lang='lat' dir='ltr'><strong>strueban-</strong></span> 
     </span>
     <span class='ocr_line' id='line_1_14' title="bbox 20 1062 940 1131; baseline 0 -20"><span class='ocrx_word' id='word_1_102' title='bbox 20 1072 75 1111; x_wconf 91' lang='lat' dir='ltr'><strong>tur.</strong></span> <span class='ocrx_word' id='word_1_103' title='bbox 92 1064 253 1128; x_wconf 81' lang='lat' dir='ltr'><strong>Praecipuum</strong></span> <span class='ocrx_word' id='word_1_104' title='bbox 270 1078 394 1127; x_wconf 83' lang='lat' dir='ltr'><strong>pavorem</strong></span> <span class='ocrx_word' id='word_1_105' title='bbox 407 1063 494 1111; x_wconf 90' lang='lat' dir='ltr'><strong>intulit</strong></span> <span class='ocrx_word' id='word_1_106' title='bbox 507 1080 658 1131; x_wconf 83' lang='lat' dir='ltr'><strong>suspensum</strong></span> <span class='ocrx_word' id='word_1_107' title='bbox 668 1075 695 1112; x_wconf 86' lang='lat' dir='ltr'><strong>et</strong></span> <span class='ocrx_word' id='word_1_108' title='bbox 705 1079 797 1113; x_wconf 86' lang='lat' dir='ltr'><strong>nutsos</strong></span> <span class='ocrx_word' id='word_1_109' title='bbox 809 1062 940 1112; x_wconf 79' lang='lat' dir='ltr'><strong>machina·</strong></span> 
     </span>
    </p>

    <p class='ocr_par' dir='ltr' id='par_1_4' title="bbox 5 1132 941 1419">
     <span class='ocr_line' id='line_1_15' title="bbox 5 1132 940 1202; baseline 0.002 -19"><span class='ocrx_word' id='word_1_110' title='bbox 5 1154 8 1164; x_wconf 66' lang='grc'><em>“</em></span> <span class='ocrx_word' id='word_1_111' title='bbox 21 1146 156 1198; x_wconf 88' lang='lat' dir='ltr'><strong>mentum,</strong></span> <span class='ocrx_word' id='word_1_112' title='bbox 172 1152 223 1198; x_wconf 92' lang='lat' dir='ltr'><strong>quo</strong></span> <span class='ocrx_word' id='word_1_113' title='bbox 234 1132 338 1199; x_wconf 74' lang='lat' dir='ltr'><strong>repente</strong></span> <span class='ocrx_word' id='word_1_114' title='bbox 350 1133 475 1191; x_wconf 80' lang='lat' dir='ltr'><strong>demisso,</strong></span> <span class='ocrx_word' id='word_1_115' title='bbox 485 1145 577 1200; x_wconf 72' lang='lat' dir='ltr'><strong>preter</strong></span> <span class='ocrx_word' id='word_1_116' title='bbox 589 1151 694 1182; x_wconf 85' lang='lat' dir='ltr'><strong>suorum</strong></span> <span class='ocrx_word' id='word_1_117' title='bbox 705 1152 764 1193; x_wconf 80' lang='lat' dir='ltr'><strong>ora,</strong></span> <span class='ocrx_word' id='word_1_118' title='bbox 775 1138 866 1201; x_wconf 78' lang='lat' dir='ltr'><strong>singuli</strong></span> <span class='ocrx_word' id='word_1_119' title='bbox 877 1136 940 1202; x_wconf 90' lang='lat' dir='ltr'><strong>plu-</strong></span> 
     </span>
     <span class='ocr_line' id='line_1_16' title="bbox 19 1203 941 1271; baseline 0 -14"><span class='ocrx_word' id='word_1_120' title='bbox 19 1225 99 1258; x_wconf 83' lang='lat' dir='ltr'><strong>resve</strong></span> <span class='ocrx_word' id='word_1_121' title='bbox 110 1208 225 1258; x_wconf 87' lang='lat' dir='ltr'><strong>hostium</strong></span> <span class='ocrx_word' id='word_1_122' title='bbox 235 1205 343 1257; x_wconf 73' lang='lat' dir='ltr'><strong>sublimi</strong></span> <span class='ocrx_word' id='word_1_123' title='bbox 353 1208 431 1271; x_wconf 77' lang='lat' dir='ltr'><strong>rupti,</strong></span> <span class='ocrx_word' id='word_1_124' title='bbox 443 1221 516 1254; x_wconf 82' lang='lat' dir='ltr'><strong>verso</strong></span> <span class='ocrx_word' id='word_1_125' title='bbox 528 1203 641 1271; x_wconf 83' lang='lat' dir='ltr'><strong>pondere</strong></span> <span class='ocrx_word' id='word_1_126' title='bbox 654 1208 719 1255; x_wconf 85' lang='lat' dir='ltr'><strong>intra</strong></span> <span class='ocrx_word' id='word_1_127' title='bbox 731 1220 811 1255; x_wconf 78' lang='lat' dir='ltr'><strong>castra</strong></span> <span class='ocrx_word' id='word_1_128' title='bbox 822 1208 941 1257; x_wconf 81' lang='lat' dir='ltr'><strong>effunde·</strong></span> 
     </span>
     <span class='ocr_line' id='line_1_17' title="bbox 20 1278 939 1347; baseline 0 -16"><span class='ocrx_word' id='word_1_129' title='bbox 20 1282 130 1331; x_wconf 84' lang='lat' dir='ltr'><strong>bantur.</strong></span> <span class='ocrx_word' id='word_1_130' title='bbox 143 1282 247 1339; x_wconf 84' lang='lat' dir='ltr'><strong>Civilis,</strong></span> <span class='ocrx_word' id='word_1_131' title='bbox 263 1280 356 1330; x_wconf 73' lang='lat' dir='ltr'><strong>omissi</strong></span> <span class='ocrx_word' id='word_1_132' title='bbox 370 1278 537 1347; x_wconf 81' lang='lat' dir='ltr'><strong>oppugnandi</strong></span> <span class='ocrx_word' id='word_1_133' title='bbox 548 1295 606 1345; x_wconf 85' lang='lat' dir='ltr'><strong>spe,</strong></span> <span class='ocrx_word' id='word_1_134' title='bbox 619 1296 706 1327; x_wconf 81' lang='lat' dir='ltr'><strong>rursus</strong></span> <span class='ocrx_word' id='word_1_135' title='bbox 718 1297 763 1345; x_wconf 88' lang='lat' dir='ltr'><strong>per</strong></span> <span class='ocrx_word' id='word_1_136' title='bbox 774 1282 855 1330; x_wconf 81' lang='grc' dir='ltr'><strong>οιίιιιιι</strong></span> <span class='ocrx_word' id='word_1_137' title='bbox 869 1282 939 1331; x_wconf 82' lang='lat' dir='ltr'><strong>adsi-</strong></span> 
     </span>
     <span class='ocr_line' id='line_1_18' title="bbox 22 1351 816 1419; baseline -0.004 -16"><span class='ocrx_word' id='word_1_138' title='bbox 22 1354 121 1416; x_wconf 83' lang='lat' dir='ltr'><strong>debat,</strong></span> <span class='ocrx_word' id='word_1_139' title='bbox 132 1354 230 1402; x_wconf 87' lang='lat' dir='ltr'><strong>nuntiis</strong></span> <span class='ocrx_word' id='word_1_140' title='bbox 241 1364 267 1402; x_wconf 89' lang='lat' dir='ltr'><strong>et</strong></span> <span class='ocrx_word' id='word_1_141' title='bbox 277 1351 411 1419; x_wconf 73' lang='lat' dir='ltr'><strong>promissis</strong></span> <span class='ocrx_word' id='word_1_142' title='bbox 423 1352 499 1401; x_wconf 83' lang='lat' dir='ltr'><strong>fidens</strong></span> <span class='ocrx_word' id='word_1_143' title='bbox 510 1351 642 1418; x_wconf 86' lang='lat' dir='ltr'><strong>legionum</strong></span> <span class='ocrx_word' id='word_1_144' title='bbox 654 1351 816 1401; x_wconf 74' lang='lat' dir='ltr'><strong>convellens.</strong></span> 
     </span>
    </p>

    <p class='ocr_par' dir='ltr' id='par_1_5' title="bbox 20 1426 945 2013">
     <span class='ocr_line' id='line_1_19' title="bbox 55 1426 940 1493; baseline 0 -16"><span class='ocrx_word' id='word_1_145' title='bbox 55 1426 158 1478; x_wconf 83' lang='lat' dir='ltr'>XXXI.</span> <span class='ocrx_word' id='word_1_146' title='bbox 176 1427 235 1477; x_wconf 79' lang='lat' dir='ltr'><strong>Haec</strong></span> <span class='ocrx_word' id='word_1_147' title='bbox 255 1428 280 1475; x_wconf 90' lang='lat' dir='ltr'><strong>in</strong></span> <span class='ocrx_word' id='word_1_148' title='bbox 297 1426 443 1477; x_wconf 81' lang='lat' dir='ltr'><strong>Germanil&#39;</strong></span> <span class='ocrx_word' id='word_1_149' title='bbox 456 1439 514 1476; x_wconf 82' lang='lat' dir='ltr'><strong>ente</strong></span> <span class='ocrx_word' id='word_1_150' title='bbox 532 1430 704 1476; x_wconf 77' lang='lat' dir='ltr'><strong>Cremonense</strong></span> <span class='ocrx_word' id='word_1_151' title='bbox 724 1426 839 1493; x_wconf 75' lang='lat' dir='ltr'><strong>prelium</strong></span> <span class='ocrx_word' id='word_1_152' title='bbox 858 1436 940 1491; x_wconf 78' lang='lat' dir='ltr'><strong>geste,</strong></span> 
     </span>
     <span class='ocr_line' id='line_1_20' title="bbox 23 1500 941 1569; baseline -0.001 -18"><span class='ocrx_word' id='word_1_153' title='bbox 23 1500 102 1565; x_wconf 79' lang='lat' dir='ltr'><strong>cujus</strong></span> <span class='ocrx_word' id='word_1_154' title='bbox 124 1512 244 1569; x_wconf 74' lang='lat' dir='ltr'><strong>eventum</strong></span> <span class='ocrx_word' id='word_1_155' title='bbox 263 1500 353 1550; x_wconf 72' lang='lat' dir='ltr'><strong>littere</strong></span> <span class='ocrx_word' id='word_1_156' title='bbox 373 1500 453 1549; x_wconf 88' lang='lat' dir='ltr'><strong>Primi</strong></span> <span class='ocrx_word' id='word_1_157' title='bbox 469 1502 579 1552; x_wconf 81' lang='lat' dir='ltr'><strong>Antonii</strong></span> <span class='ocrx_word' id='word_1_158' title='bbox 594 1500 702 1549; x_wconf 71' lang='lat' dir='ltr'><strong>docuere</strong></span> <span class='ocrx_word' id='word_1_159' title='bbox 709 1525 719 1560; x_wconf 46' lang='lat' dir='ltr'><strong>,v</strong></span> <span class='ocrx_word' id='word_1_160' title='bbox 734 1500 820 1549; x_wconf 86' lang='lat' dir='ltr'><strong>addito</strong></span> <span class='ocrx_word' id='word_1_161' title='bbox 839 1500 941 1550; x_wconf 60' lang='lat' dir='ltr'><strong>(locine</strong></span> 
     </span>
     <span class='ocr_line' id='line_1_21' title="bbox 23 1571 941 1641; baseline -0.001 -18"><span class='ocrx_word' id='word_1_162' title='bbox 23 1573 125 1623; x_wconf 82' lang='lat' dir='ltr'><strong>edicto.</strong></span> <span class='ocrx_word' id='word_1_163' title='bbox 138 1574 171 1623; x_wconf 84' lang='lat' dir='ltr'><strong>Es</strong></span> <span class='ocrx_word' id='word_1_164' title='bbox 182 1572 314 1640; x_wconf 70' lang='lat' dir='ltr'><strong>prefectus</strong></span> <span class='ocrx_word' id='word_1_165' title='bbox 326 1572 456 1623; x_wconf 83' lang='lat' dir='ltr'><strong>cohortis</strong></span> <span class='ocrx_word' id='word_1_166' title='bbox 448 1593 461 1623; x_wconf 92' lang='lat' dir='ltr'><strong>e</strong></span> <span class='ocrx_word' id='word_1_167' title='bbox 476 1576 563 1636; x_wconf 86' lang='lat' dir='ltr'><strong>victis,</strong></span> <span class='ocrx_word' id='word_1_168' title='bbox 575 1574 685 1641; x_wconf 86' lang='lat' dir='ltr'><strong>Alpinus</strong></span> <span class='ocrx_word' id='word_1_169' title='bbox 696 1572 848 1635; x_wconf 83' lang='lat' dir='ltr'><strong>lllontsnns,</strong></span> <span class='ocrx_word' id='word_1_170' title='bbox 859 1571 941 1622; x_wconf 85' lang='lat' dir='ltr'><strong>lortu·</strong></span> 
     </span>
     <span class='ocr_line' id='line_1_22' title="bbox 21 1645 939 1723; baseline -0.001 -26"><span class='ocrx_word' id='word_1_171' title='bbox 21 1664 86 1697; x_wconf 84' lang='lat' dir='ltr'><strong>nom</strong></span> <span class='ocrx_word' id='word_1_172' title='bbox 98 1648 209 1713; x_wconf 80' lang='lat' dir='ltr'><strong>portium</strong></span> <span class='ocrx_word' id='word_1_173' title='bbox 224 1662 332 1714; x_wconf 76' lang='lat' dir='ltr'><strong>presens</strong></span> <span class='ocrx_word' id='word_1_174' title='bbox 344 1646 479 1723; x_wconf 80' lang='lat' dir='ltr'><strong>lotebutur=</strong></span> <span class='ocrx_word' id='word_1_175' title='bbox 495 1649 597 1699; x_wconf 83' lang='lat' dir='ltr'><strong>Diversi</strong></span> <span class='ocrx_word' id='word_1_176' title='bbox 613 1648 673 1709; x_wconf 82' lang='lat' dir='ltr'><strong>bine</strong></span> <span class='ocrx_word' id='word_1_177' title='bbox 687 1660 773 1697; x_wconf 90' lang='lat' dir='ltr'><strong>motus</strong></span> <span class='ocrx_word' id='word_1_178' title='bbox 787 1645 939 1696; x_wconf 82' lang='lat' dir='ltr'><strong>animorum.</strong></span> 
     </span>
     <span class='ocr_line' id='line_1_23' title="bbox 20 1720 943 1790; baseline -0.002 -17"><span class='ocrx_word' id='word_1_179' title='bbox 20 1720 127 1773; x_wconf 74' lang='lat' dir='ltr'><strong>Auxilio</strong></span> <span class='ocrx_word' id='word_1_180' title='bbox 141 1720 250 1771; x_wconf 63' lang='lat' dir='ltr'><strong>scottis</strong></span> <span class='ocrx_word' id='word_1_181' title='bbox 258 1722 340 1787; x_wconf 92' lang='lat' dir='ltr'><strong>,quls</strong></span> <span class='ocrx_word' id='word_1_182' title='bbox 357 1738 506 1783; x_wconf 71' lang='lat' dir='ltr'><strong>necentur,</strong></span> <span class='ocrx_word' id='word_1_183' title='bbox 526 1742 574 1774; x_wconf 88' lang='lat' dir='ltr'><strong>nec</strong></span> <span class='ocrx_word' id='word_1_184' title='bbox 590 1722 705 1773; x_wconf 83' lang='lat' dir='ltr'><strong>odium&#39;</strong></span> <span class='ocrx_word' id='word_1_185' title='bbox 691 1742 724 1780; x_wconf 89' lang='grc' dir='ltr'><strong>ιιι</strong></span> <span class='ocrx_word' id='word_1_186' title='bbox 739 1734 836 1790; x_wconf 79' lang='lat' dir='ltr'><strong>partes,</strong></span> <span class='ocrx_word' id='word_1_187' title='bbox 849 1720 943 1771; x_wconf 82' lang='lat' dir='ltr'><strong>militie</strong></span> 
     </span>
     <span class='ocr_line' id='line_1_24' title="bbox 25 1795 942 1863; baseline -0.001 -16"><span class='ocrx_word' id='word_1_188' title='bbox 25 1812 86 1847; x_wconf 85' lang='lat' dir='ltr'><strong>sine</strong></span> <span class='ocrx_word' id='word_1_189' title='bbox 98 1795 200 1855; x_wconf 78' lang='lat' dir='ltr'><strong>effectu</strong></span> <span class='ocrx_word' id='word_1_190' title='bbox 212 1796 375 1849; x_wconf 76' lang='lat' dir='ltr'><strong>hortantibus</strong></span> <span class='ocrx_word' id='word_1_191' title='bbox 386 1797 525 1863; x_wconf 74' lang='lat' dir='ltr'><strong>prosectis</strong></span> <span class='ocrx_word' id='word_1_192' title='bbox 539 1797 767 1853; x_wconf 79' lang='lat' dir='ltr'><strong>ststimeritellio</strong></span> <span class='ocrx_word' id='word_1_193' title='bbox 780 1797 942 1847; x_wconf 80' lang='lat' dir='ltr'><strong>desciscunt:</strong></span> 
     </span>
     <span class='ocr_line' id='line_1_25' title="bbox 28 1869 944 1939; baseline -0.002 -18"><span class='ocrx_word' id='word_1_194' title='bbox 28 1882 107 1921; x_wconf 84' lang='lat' dir='ltr'><strong>vetus</strong></span> <span class='ocrx_word' id='word_1_195' title='bbox 118 1869 192 1919; x_wconf 86' lang='lat' dir='ltr'><strong>miles</strong></span> <span class='ocrx_word' id='word_1_196' title='bbox 203 1872 380 1921; x_wconf 75' lang='lat' dir='ltr'><strong>cunctabatur.</strong></span> <span class='ocrx_word' id='word_1_197' title='bbox 389 1873 437 1922; x_wconf 84' lang='lat' dir='ltr'><strong>Sed</strong></span> <span class='ocrx_word' id='word_1_198' title='bbox 443 1874 561 1939; x_wconf 73' lang='lat' dir='ltr'><strong>adigente</strong></span> <span class='ocrx_word' id='word_1_199' title='bbox 572 1873 721 1923; x_wconf 86' lang='lat' dir='ltr'><strong>Hordeonio</strong></span> <span class='ocrx_word' id='word_1_200' title='bbox 732 1871 850 1931; x_wconf 83' lang='lat' dir='ltr'><strong>Flacco,&#39;</strong></span> <span class='ocrx_word' id='word_1_201' title='bbox 844 1880 944 1924; x_wconf 80' lang='lat' dir='ltr'><strong>instan-</strong></span> 
     </span>
     <span class='ocr_line' id='line_1_26' title="bbox 27 1944 945 2013; baseline -0.002 -17"><span class='ocrx_word' id='word_1_202' title='bbox 27 1947 101 1996; x_wconf 84' lang='lat' dir='ltr'><strong>tibus</strong></span> <span class='ocrx_word' id='word_1_203' title='bbox 117 1945 237 2005; x_wconf 89' lang='lat' dir='ltr'><strong>tribunis,</strong></span> <span class='ocrx_word' id='word_1_204' title='bbox 249 1945 314 1994; x_wconf 82' lang='lat' dir='ltr'><strong>dixit</strong></span> <span class='ocrx_word' id='word_1_205' title='bbox 325 1962 510 1998; x_wconf 81' lang='lat' dir='ltr'><strong>sacramentum</strong></span> <span class='ocrx_word' id='word_1_206' title='bbox 519 1987 525 2006; x_wconf 89' lang='lat'><em>‚</em></span> <span class='ocrx_word' id='word_1_207' title='bbox 535 1966 587 2002; x_wconf 86' lang='lat' dir='ltr'><strong>non</strong></span> <span class='ocrx_word' id='word_1_208' title='bbox 597 1950 685 2007; x_wconf 79' lang='lat' dir='ltr'><strong>vultu,</strong></span> <span class='ocrx_word' id='word_1_209' title='bbox 695 1963 776 2013; x_wconf 91' lang='lat' dir='ltr'><strong>neque</strong></span> <span class='ocrx_word' id='word_1_210' title='bbox 787 1948 874 2000; x_wconf 77' lang='lat' dir='ltr'><strong>annno</strong></span> <span class='ocrx_word' id='word_1_211' title='bbox 883 1944 945 1994; x_wconf 84' lang='lat' dir='ltr'><strong>satis</strong></span> 
     </span>
    </p>

    <p class='ocr_par' dir='ltr' id='par_1_6' title="bbox 12 2020 945 2087">
     <span class='ocr_line' id='line_1_27' title="bbox 12 2020 945 2087; baseline 0.001 -16"><span class='ocrx_word' id='word_1_212' title='bbox 12 2045 16 2056; x_wconf 92' lang='lat'>·</span> <span class='ocrx_word' id='word_1_213' title='bbox 30 2020 168 2071; x_wconf 75' lang='lat' dir='ltr'><strong>adfirmans</strong></span> <span class='ocrx_word' id='word_1_214' title='bbox 184 2037 190 2066; x_wconf 90' lang='lat'><strong>:</strong></span> <span class='ocrx_word' id='word_1_215' title='bbox 203 2032 229 2068; x_wconf 87' lang='lat' dir='ltr'><strong>et</strong></span> <span class='ocrx_word' id='word_1_216' title='bbox 241 2029 321 2085; x_wconf 85' lang='lat' dir='ltr'><strong>quum</strong></span> <span class='ocrx_word' id='word_1_217' title='bbox 331 2032 412 2071; x_wconf 83' lang='lat' dir='ltr'><strong>cetere</strong></span> <span class='ocrx_word' id='word_1_218' title='bbox 422 2022 588 2084; x_wconf 72' lang='lat' dir='ltr'><strong>jurisjurandi</strong></span> <span class='ocrx_word' id='word_1_219' title='bbox 597 2022 675 2071; x_wconf 77' lang='lat' dir='ltr'><strong>rerba</strong></span> <span class='ocrx_word' id='word_1_220' title='bbox 685 2026 863 2087; x_wconf 85' lang='lat' dir='ltr'><strong>conciperent,</strong></span> <span class='ocrx_word' id='word_1_221' title='bbox 878 2022 904 2073; x_wconf 84' lang='lat' dir='ltr'><em>V</em></span> <span class='ocrx_word' id='word_1_222' title='bbox 903 2037 945 2072; x_wconf 82' lang='lat' dir='ltr'><strong>es·</strong></span> 
     </span>
    </p>
   </div>
   <div class='ocr_carea' id='block_1_3' title="bbox 26 2090 1040 2189">
    <p class='ocr_par' dir='ltr' id='par_1_7' title="bbox 26 2090 1040 2189">
     <span class='ocr_line' id='line_1_28' title="bbox 26 2090 1040 2189; baseline -0.005 -43"><span class='ocrx_word' id='word_1_223' title='bbox 26 2095 146 2163; x_wconf 83' lang='lat' dir='ltr'><strong>pasiani</strong></span> <span class='ocrx_word' id='word_1_224' title='bbox 164 2108 258 2139; x_wconf 90' lang='lat' dir='ltr'><strong>nomen</strong></span> <span class='ocrx_word' id='word_1_225' title='bbox 277 2090 435 2157; x_wconf 75' lang='lat' dir='ltr'><strong>haesitantes,</strong></span> <span class='ocrx_word' id='word_1_226' title='bbox 455 2102 501 2140; x_wconf 79' lang='lat' dir='ltr'><strong>aut</strong></span> <span class='ocrx_word' id='word_1_227' title='bbox 515 2094 567 2142; x_wconf 85' lang='lat' dir='ltr'><strong>leri</strong></span> <span class='ocrx_word' id='word_1_228' title='bbox 585 2109 729 2153; x_wconf 86' lang='lat' dir='ltr'><strong>murmure,</strong></span> <span class='ocrx_word' id='word_1_229' title='bbox 746 2107 773 2144; x_wconf 86' lang='lat' dir='ltr'><strong>et</strong></span> <span class='ocrx_word' id='word_1_230' title='bbox 793 2096 944 2189; x_wconf 90' lang='lat' dir='ltr'><strong>plerumque</strong></span> <span class='ocrx_word' id='word_1_231' title='bbox 1022 2096 1040 2141; x_wconf 66' lang='lat'><strong>’.</strong></span> 
     </span>
    </p>
   </div>
   <div class='ocr_carea' id='block_1_4' title="bbox 25 2165 951 3345">
    <p class='ocr_par' dir='ltr' id='par_1_8' title="bbox 32 2165 369 2219">
     <span class='ocr_line' id='line_1_29' title="bbox 32 2165 369 2219; baseline -0.018 0"><span class='ocrx_word' id='word_1_232' title='bbox 32 2168 137 2219; x_wconf 87' lang='lat' dir='ltr'><strong>silentio</strong></span> <span class='ocrx_word' id='word_1_233' title='bbox 150 2165 369 2215; x_wconf 78' lang='lat' dir='ltr'><strong>transmittebant.</strong></span> 
     </span>
    </p>

    <p class='ocr_par' dir='ltr' id='par_1_9' title="bbox 25 2236 951 3345">
     <span class='ocr_line' id='line_1_30' title="bbox 62 2236 944 2305; baseline -0.007 -14"><span class='ocrx_word' id='word_1_234' title='bbox 62 2238 272 2291; x_wconf 76' lang='lat' dir='ltr'><strong>xxxl1.Lecrae</strong></span> <span class='ocrx_word' id='word_1_235' title='bbox 284 2237 377 2287; x_wconf 85' lang='lat' dir='ltr'><strong>deinde</strong></span> <span class='ocrx_word' id='word_1_236' title='bbox 390 2254 438 2305; x_wconf 89' lang='lat' dir='ltr'><strong>pro</strong></span> <span class='ocrx_word' id='word_1_237' title='bbox 450 2237 574 2287; x_wconf 88' lang='lat' dir='ltr'><strong>concione</strong></span> <span class='ocrx_word' id='word_1_238' title='bbox 585 2236 698 2303; x_wconf 72' lang='lat' dir='ltr'><strong>epistole</strong></span> <span class='ocrx_word' id='word_1_239' title='bbox 710 2237 815 2286; x_wconf 83' lang='lat' dir='ltr'><strong>Antonii</strong></span> <span class='ocrx_word' id='word_1_240' title='bbox 827 2236 859 2285; x_wconf 77' lang='lat' dir='ltr'><strong>ad</strong></span> <span class='ocrx_word' id='word_1_241' title='bbox 871 2238 944 2285; x_wconf 81' lang='lat' dir='ltr'><strong>civi-</strong></span> 
     </span>
     <span class='ocr_line' id='line_1_31' title="bbox 30 2312 945 2380; baseline -0.005 -14"><span class='ocrx_word' id='word_1_242' title='bbox 30 2316 100 2374; x_wconf 89' lang='lat' dir='ltr'><strong>lem,</strong></span> <span class='ocrx_word' id='word_1_243' title='bbox 112 2328 268 2380; x_wconf 82' lang='lat' dir='ltr'><strong>suspiciones</strong></span> <span class='ocrx_word' id='word_1_244' title='bbox 278 2313 407 2361; x_wconf 82' lang='lat' dir='ltr'><strong>militum</strong></span> <span class='ocrx_word' id='word_1_245' title='bbox 401 2312 544 2368; x_wconf 84' lang='lat' dir='ltr'><strong>irrrtsvese</strong></span> <span class='ocrx_word' id='word_1_246' title='bbox 556 2312 717 2375; x_wconf 78' lang='lat' dir='ltr'><strong>tnnqusmad</strong></span> <span class='ocrx_word' id='word_1_247' title='bbox 729 2311 945 2377; x_wconf 76' lang='lat' dir='ltr'><strong>sociumpertium</strong></span> 
     </span>
     <span class='ocr_line' id='line_1_32' title="bbox 34 2384 946 2454; baseline -0.008 -15"><span class='ocrx_word' id='word_1_248' title='bbox 34 2390 149 2454; x_wconf 74' lang='lat' dir='ltr'><strong>scriptu,</strong></span> <span class='ocrx_word' id='word_1_249' title='bbox 165 2400 190 2435; x_wconf 89' lang='lat' dir='ltr'><strong>et</strong></span> <span class='ocrx_word' id='word_1_250' title='bbox 202 2387 234 2435; x_wconf 83' lang='lat' dir='ltr'><strong>de</strong></span> <span class='ocrx_word' id='word_1_251' title='bbox 246 2387 400 2435; x_wconf 83' lang='lat' dir='ltr'><strong>Germanico</strong></span> <span class='ocrx_word' id='word_1_252' title='bbox 413 2388 523 2435; x_wconf 83' lang='lat' dir='ltr'><strong>exercitu</strong></span> <span class='ocrx_word' id='word_1_253' title='bbox 539 2384 677 2434; x_wconf 69' lang='lat' dir='ltr'><strong>hostiliter.</strong></span> <span class='ocrx_word' id='word_1_254' title='bbox 692 2384 772 2445; x_wconf 86' lang='lat' dir='ltr'><strong>Mox,</strong></span> <span class='ocrx_word' id='word_1_255' title='bbox 784 2386 866 2434; x_wconf 75' lang='lat' dir='ltr'><strong>allatis</strong></span> <span class='ocrx_word' id='word_1_256' title='bbox 880 2385 946 2432; x_wconf 88' lang='lat' dir='ltr'><strong>Gel-</strong></span> 
     </span>
     <span class='ocr_line' id='line_1_33' title="bbox 34 2457 946 2523; baseline -0.011 -8"><span class='ocrx_word' id='word_1_257' title='bbox 34 2464 131 2515; x_wconf 83' lang='lat' dir='ltr'><strong>dnbam</strong></span> <span class='ocrx_word' id='word_1_258' title='bbox 142 2462 166 2509; x_wconf 89' lang='lat' dir='ltr'><strong>in</strong></span> <span class='ocrx_word' id='word_1_259' title='bbox 179 2472 260 2509; x_wconf 78' lang='lat' dir='ltr'><strong>castra</strong></span> <span class='ocrx_word' id='word_1_260' title='bbox 273 2460 386 2521; x_wconf 86' lang='lat' dir='ltr'><strong>nuntiis,</strong></span> <span class='ocrx_word' id='word_1_261' title='bbox 401 2458 491 2507; x_wconf 81' lang='lat' dir='ltr'><strong>eadem</strong></span> <span class='ocrx_word' id='word_1_262' title='bbox 505 2459 585 2521; x_wconf 85' lang='lat' dir='ltr'><strong>dicta,</strong></span> <span class='ocrx_word' id='word_1_263' title='bbox 601 2457 717 2523; x_wconf 78' lang='lat' dir='ltr'><strong>factoque</strong></span> <span class='ocrx_word' id='word_1_264' title='bbox 729 2476 735 2506; x_wconf 93' lang='lat'><strong>:</strong></span> <span class='ocrx_word' id='word_1_265' title='bbox 747 2462 774 2506; x_wconf 80' lang='lat' dir='ltr'><strong>et</strong></span> <span class='ocrx_word' id='word_1_266' title='bbox 785 2460 875 2507; x_wconf 84' lang='lat' dir='ltr'><strong>missus</strong></span> <span class='ocrx_word' id='word_1_267' title='bbox 886 2474 946 2506; x_wconf 90' lang='lat' dir='ltr'><strong>com</strong></span> 
     </span>
     <span class='ocr_line' id='line_1_34' title="bbox 34 2533 945 2592; baseline -0.008 -7"><span class='ocrx_word' id='word_1_268' title='bbox 34 2535 162 2592; x_wconf 78' lang='lat' dir='ltr'><strong>mendatis</strong></span> <span class='ocrx_word' id='word_1_269' title='bbox 177 2534 314 2583; x_wconf 74' lang='lat' dir='ltr'><strong>Montanus</strong></span> <span class='ocrx_word' id='word_1_270' title='bbox 327 2533 359 2582; x_wconf 80' lang='lat' dir='ltr'><strong>nd</strong></span> <span class='ocrx_word' id='word_1_271' title='bbox 371 2534 481 2583; x_wconf 78' lang='lat' dir='ltr'><strong>Civilem</strong></span> <span class='ocrx_word' id='word_1_272' title='bbox 488 2570 494 2592; x_wconf 89' lang='lat'>‚</span> <span class='ocrx_word' id='word_1_273' title='bbox 510 2550 524 2582; x_wconf 88' lang='grc' dir='ltr'><strong>ιι</strong></span> <span class='ocrx_word' id='word_1_274' title='bbox 535 2545 563 2580; x_wconf 88' lang='grc' dir='ltr'><strong>ιιι</strong></span> <span class='ocrx_word' id='word_1_275' title='bbox 574 2533 708 2587; x_wconf 81' lang='lat' dir='ltr'><strong>absisteret</strong></span> <span class='ocrx_word' id='word_1_276' title='bbox 717 2533 786 2582; x_wconf 90' lang='lat' dir='ltr'><strong>bello</strong></span> <span class='ocrx_word' id='word_1_277' title='bbox 802 2550 808 2579; x_wconf 78' lang='lat' dir='ltr'><strong>t</strong></span> <span class='ocrx_word' id='word_1_278' title='bbox 821 2548 885 2579; x_wconf 87' lang='lat' dir='ltr'><strong>neve</strong></span> <span class='ocrx_word' id='word_1_279' title='bbox 897 2546 945 2578; x_wconf 84' lang='lat' dir='ltr'><strong>ex·</strong></span> 
     </span>
     <span class='ocr_line' id='line_1_35' title="bbox 36 2606 946 2673; baseline -0.012 -9"><span class='ocrx_word' id='word_1_280' title='bbox 36 2628 111 2665; x_wconf 82' lang='lat' dir='ltr'><strong>terna</strong></span> <span class='ocrx_word' id='word_1_281' title='bbox 120 2611 195 2659; x_wconf 81' lang='lat' dir='ltr'><strong>ermis</strong></span> <span class='ocrx_word' id='word_1_282' title='bbox 206 2608 276 2660; x_wconf 82' lang='lat' dir='ltr'><strong>falsis</strong></span> <span class='ocrx_word' id='word_1_283' title='bbox 287 2610 393 2657; x_wconf 76' lang='lat' dir='ltr'><strong>velaret.</strong></span> <span class='ocrx_word' id='word_1_284' title='bbox 404 2610 430 2657; x_wconf 85' lang='lat' dir='ltr'><strong>Si</strong></span> <span class='ocrx_word' id='word_1_285' title='bbox 440 2608 625 2673; x_wconf 77' lang='lat' dir='ltr'><strong>Vespasianum</strong></span> <span class='ocrx_word' id='word_1_286' title='bbox 634 2606 719 2669; x_wconf 79' lang='lat' dir='ltr'><strong>invare</strong></span> <span class='ocrx_word' id='word_1_287' title='bbox 728 2608 859 2672; x_wconf 80' lang='lat' dir='ltr'><strong>adgressus</strong></span> <span class='ocrx_word' id='word_1_288' title='bbox 869 2606 946 2665; x_wconf 83' lang='lat' dir='ltr'><strong>soret,</strong></span> 
     </span>
     <span class='ocr_line' id='line_1_36' title="bbox 37 2680 947 2749; baseline -0.011 -11"><span class='ocrx_word' id='word_1_289' title='bbox 37 2684 193 2739; x_wconf 80' lang='lat' dir='ltr'><strong>satisfactum</strong></span> <span class='ocrx_word' id='word_1_290' title='bbox 213 2683 336 2749; x_wconf 78' lang='lat' dir='ltr'><strong>coeptis».</strong></span> <span class='ocrx_word' id='word_1_291' title='bbox 354 2682 395 2732; x_wconf 85' lang='lat' dir='ltr'><strong>Ad</strong></span> <span class='ocrx_word' id='word_1_292' title='bbox 413 2699 442 2731; x_wconf 81' lang='lat' dir='ltr'><strong>ea</strong></span> <span class='ocrx_word' id='word_1_293' title='bbox 459 2682 562 2746; x_wconf 80' lang='lat' dir='ltr'><strong>Civilis,</strong></span> <span class='ocrx_word' id='word_1_294' title='bbox 582 2682 666 2749; x_wconf 75' lang='lat' dir='ltr'><strong>primo</strong></span> <span class='ocrx_word' id='word_1_295' title='bbox 685 2682 789 2749; x_wconf 68' lang='lat' dir='ltr'><strong>callide,</strong></span> <span class='ocrx_word' id='word_1_296' title='bbox 810 2680 883 2747; x_wconf 77' lang='lat' dir='ltr'><strong>post,</strong></span> <span class='ocrx_word' id='word_1_297' title='bbox 901 2680 947 2729; x_wconf 89' lang='lat' dir='ltr'><strong>uhi</strong></span> 
     </span>
     <span class='ocr_line' id='line_1_37' title="bbox 25 2752 946 2822; baseline -0.007 -13"><span class='ocrx_word' id='word_1_298' title='bbox 25 2759 27 2768; x_wconf 79' lang='grc'><em>’</em></span> <span class='ocrx_word' id='word_1_299' title='bbox 37 2760 110 2811; x_wconf 83' lang='lat' dir='ltr'><strong>videt</strong></span> <span class='ocrx_word' id='word_1_300' title='bbox 121 2757 274 2807; x_wconf 76' lang='lat' dir='ltr'><strong>Montanum</strong></span> <span class='ocrx_word' id='word_1_301' title='bbox 285 2752 447 2822; x_wconf 78' lang='lat' dir='ltr'><strong>preferocem</strong></span> <span class='ocrx_word' id='word_1_302' title='bbox 458 2756 574 2819; x_wconf 88' lang='lat' dir='ltr'><strong>ingenio,</strong></span> <span class='ocrx_word' id='word_1_303' title='bbox 586 2769 752 2821; x_wconf 78' lang='lat' dir='ltr'><strong>paratumque</strong></span> <span class='ocrx_word' id='word_1_304' title='bbox 759 2756 790 2804; x_wconf 77' lang='lat' dir='ltr'><strong>is</strong></span> <span class='ocrx_word' id='word_1_305' title='bbox 800 2771 841 2806; x_wconf 82' lang='lat' dir='ltr'><strong>res</strong></span> <span class='ocrx_word' id='word_1_306' title='bbox 852 2771 946 2813; x_wconf 80' lang='lat' dir='ltr'><strong>noras,</strong></span> 
     </span>
     <span class='ocr_line' id='line_1_38' title="bbox 39 2829 947 2897; baseline -0.008 -12"><span class='ocrx_word' id='word_1_307' title='bbox 39 2849 112 2885; x_wconf 87' lang='lat' dir='ltr'><strong>orsus</strong></span> <span class='ocrx_word' id='word_1_308' title='bbox 125 2832 139 2883; x_wconf 76' lang='lat' dir='ltr'><strong>i</strong></span> <span class='ocrx_word' id='word_1_309' title='bbox 150 2843 240 2895; x_wconf 85' lang='lat' dir='ltr'><strong>questu</strong></span> <span class='ocrx_word' id='word_1_310' title='bbox 255 2830 438 2897; x_wconf 85' lang='lat' dir='ltr'><strong>periculisque,</strong></span> <span class='ocrx_word' id='word_1_311' title='bbox 454 2846 507 2895; x_wconf 84' lang='lat' dir='ltr'><strong>quae</strong></span> <span class='ocrx_word' id='word_1_312' title='bbox 520 2847 564 2896; x_wconf 85' lang='lat' dir='ltr'><strong>per</strong></span> <span class='ocrx_word' id='word_1_313' title='bbox 574 2831 685 2895; x_wconf 86' lang='lat' dir='ltr'><strong>quinque</strong></span> <span class='ocrx_word' id='word_1_314' title='bbox 695 2843 721 2879; x_wconf 93' lang='lat' dir='ltr'><strong>et</strong></span> <span class='ocrx_word' id='word_1_315' title='bbox 733 2829 821 2894; x_wconf 78' lang='lat' dir='ltr'><strong>viginti</strong></span> <span class='ocrx_word' id='word_1_316' title='bbox 831 2846 910 2878; x_wconf 84' lang='lat' dir='ltr'><strong>nonos</strong></span> <span class='ocrx_word' id='word_1_317' title='bbox 919 2830 947 2878; x_wconf 89' lang='lat' dir='ltr'><strong>in</strong></span> 
     </span>
     <span class='ocr_line' id='line_1_39' title="bbox 40 2904 949 2990; baseline -0.009 -31"><span class='ocrx_word' id='word_1_318' title='bbox 40 2907 132 2966; x_wconf 86' lang='lat' dir='ltr'><strong>castris</strong></span> <span class='ocrx_word' id='word_1_319' title='bbox 149 2906 277 2955; x_wconf 82' lang='lat' dir='ltr'><strong>Romanis</strong></span> <span class='ocrx_word' id='word_1_320' title='bbox 289 2904 465 2955; x_wconf 81' lang='lat' dir='ltr'><strong>exhausisset:</strong></span> <span class='ocrx_word' id='word_1_321' title='bbox 469 2904 637 2970; x_wconf 74' lang='lat' dir='ltr'><strong>«Egregium</strong></span> <span class='ocrx_word' id='word_1_322' title='bbox 650 2920 680 2960; x_wconf 87' lang='grc' dir='ltr'><strong>ιι,</strong></span> <span class='ocrx_word' id='word_1_323' title='bbox 699 2905 794 2969; x_wconf 87' lang='lat' dir='ltr'><strong>inquit,</strong></span> <span class='ocrx_word' id='word_1_324' title='bbox 804 2904 949 2990; x_wconf 78' lang='lat' dir='ltr'><strong>«pretinm</strong></span> 
     </span>
     <span class='ocr_line' id='line_1_40' title="bbox 40 2979 948 3044; baseline -0.011 -9"><span class='ocrx_word' id='word_1_325' title='bbox 40 2982 135 3035; x_wconf 80' lang='lat' dir='ltr'><strong>laboris</strong></span> <span class='ocrx_word' id='word_1_326' title='bbox 156 2980 254 3044; x_wconf 83' lang='lat' dir='ltr'><strong>recepi,</strong></span> <span class='ocrx_word' id='word_1_327' title='bbox 271 2979 478 3053; x_wconf 67' lang='lat' dir='ltr'><strong>meministis,</strong></span> <span class='ocrx_word' id='word_1_328' title='bbox 498 2992 524 3029; x_wconf 87' lang='lat' dir='ltr'><strong>et</strong></span> <span class='ocrx_word' id='word_1_329' title='bbox 543 2980 646 3030; x_wconf 77' lang='lat' dir='ltr'><strong>vinculo</strong></span> <span class='ocrx_word' id='word_1_330' title='bbox 667 2995 737 3041; x_wconf 84' lang='lat' dir='ltr'><strong>mes,</strong></span> <span class='ocrx_word' id='word_1_331' title='bbox 759 2986 787 3029; x_wconf 84' lang='lat' dir='ltr'><strong>st</strong></span> <span class='ocrx_word' id='word_1_332' title='bbox 803 2980 948 3027; x_wconf 76' lang='lat' dir='ltr'><strong>sevissimos</strong></span> 
     </span>
     <span class='ocr_line' id='line_1_41' title="bbox 41 3050 948 3126; baseline -0.011 -20"><span class='ocrx_word' id='word_1_333' title='bbox 41 3055 118 3121; x_wconf 83' lang='lat' dir='ltr'><strong>hujus</strong></span> <span class='ocrx_word' id='word_1_334' title='bbox 129 3050 255 3103; x_wconf 72' lang='lat' dir='ltr'><strong>exercitlls</strong></span> <span class='ocrx_word' id='word_1_335' title='bbox 269 3070 358 3126; x_wconf 87' lang='lat' dir='ltr'><strong>voces,</strong></span> <span class='ocrx_word' id='word_1_336' title='bbox 376 3054 468 3117; x_wconf 88' lang='lat' dir='ltr'><strong>quibus</strong></span> <span class='ocrx_word' id='word_1_337' title='bbox 485 3053 516 3102; x_wconf 78' lang='lat' dir='ltr'><strong>etl</strong></span> <span class='ocrx_word' id='word_1_338' title='bbox 527 3056 680 3122; x_wconf 89' lang='lat' dir='ltr'><strong>supplicium</strong></span> <span class='ocrx_word' id='word_1_339' title='bbox 694 3056 804 3120; x_wconf 86' lang='lat' dir='ltr'><strong>petitus,</strong></span> <span class='ocrx_word' id='word_1_340' title='bbox 819 3051 873 3114; x_wconf 81' lang='lat' dir='ltr'><strong>jure</strong></span> <span class='ocrx_word' id='word_1_341' title='bbox 882 3065 948 3123; x_wconf 38' lang='lat' dir='ltr'><strong>gen·-</strong></span> 
     </span>
     <span class='ocr_line' id='line_1_42' title="bbox 41 3129 950 3195; baseline -0.008 -15"><span class='ocrx_word' id='word_1_342' title='bbox 41 3132 108 3181; x_wconf 82' lang='lat' dir='ltr'><strong>sium</strong></span> <span class='ocrx_word' id='word_1_343' title='bbox 117 3142 339 3214; x_wconf 83' lang='lat' dir='ltr'><strong>poonssreposco.</strong></span> <span class='ocrx_word' id='word_1_344' title='bbox 353 3140 494 3178; x_wconf 82' lang='lat' dir='ltr'><strong>rosentem</strong></span> <span class='ocrx_word' id='word_1_345' title='bbox 507 3129 626 3187; x_wconf 81' lang='lat' dir='ltr'><strong>Treveri,</strong></span> <span class='ocrx_word' id='word_1_346' title='bbox 638 3141 775 3193; x_wconf 71' lang='lat' dir='ltr'><strong>ceteroque</strong></span> <span class='ocrx_word' id='word_1_347' title='bbox 783 3136 950 3174; x_wconf 78' lang='lat' dir='ltr'><strong>servientium</strong></span> 
     </span>
     <span class='ocr_line' id='line_1_43' title="bbox 42 3198 951 3288; baseline -0.01 -31"><span class='ocrx_word' id='word_1_348' title='bbox 42 3206 142 3263; x_wconf 82' lang='lat' dir='ltr'><strong>enimse,</strong></span> <span class='ocrx_word' id='word_1_349' title='bbox 141 3198 226 3267; x_wconf 84' lang='lat' dir='ltr'><strong>&#39;quod</strong></span> <span class='ocrx_word' id='word_1_350' title='bbox 242 3203 373 3267; x_wconf 63' lang='lat' dir='ltr'><strong>proemium</strong></span> <span class='ocrx_word' id='word_1_351' title='bbox 390 3200 463 3251; x_wconf 80' lang='lat' dir='ltr'><strong>effusi</strong></span> <span class='ocrx_word' id='word_1_352' title='bbox 475 3204 569 3253; x_wconf 79' lang='lat' dir='ltr'><strong>totiens</strong></span> <span class='ocrx_word' id='word_1_353' title='bbox 580 3204 707 3288; x_wconf 79' lang='lat' dir='ltr'><strong>saognmis</strong></span> <span class='ocrx_word' id='word_1_354' title='bbox 720 3199 884 3265; x_wconf 77' lang='lat' dir='ltr'><strong>exspectatis,</strong></span> <span class='ocrx_word' id='word_1_355' title='bbox 897 3199 951 3248; x_wconf 89' lang='lat' dir='ltr'><strong>nisi</strong></span> 
     </span>
     <span class='ocr_line' id='line_1_44' title="bbox 42 3271 951 3345; baseline -0.003 -22"><span class='ocrx_word' id='word_1_356' title='bbox 42 3282 165 3345; x_wconf 75' lang='lat' dir='ltr'><strong>ingratam</strong></span> <span class='ocrx_word' id='word_1_357' title='bbox 176 3276 311 3341; x_wconf 79' lang='lat' dir='ltr'><strong>militium,</strong></span> <span class='ocrx_word' id='word_1_358' title='bbox 325 3277 477 3327; x_wconf 73' lang='lat' dir='ltr'><strong>immortalis</strong></span> <span class='ocrx_word' id='word_1_359' title='bbox 488 3277 583 3326; x_wconf 77' lang='lat' dir='ltr'><strong>tributa</strong></span> <span class='ocrx_word' id='word_1_360' title='bbox 591 3294 700 3343; x_wconf 78' lang='lat' dir='ltr'><strong>virgas,</strong></span> <span class='ocrx_word' id='word_1_361' title='bbox 711 3290 817 3332; x_wconf 74' lang='lat' dir='ltr'><strong>secures,</strong></span> <span class='ocrx_word' id='word_1_362' title='bbox 829 3284 856 3322; x_wconf 90' lang='lat' dir='ltr'><strong>et</strong></span> <span class='ocrx_word' id='word_1_363' title='bbox 865 3271 951 3320; x_wconf 79' lang='lat' dir='ltr'><strong>domi</strong></span> 
     </span>
    </p>
   </div>
   <div class='ocr_carea' id='block_1_5' title="bbox 43 3316 951 3423">
    <p class='ocr_par' dir='ltr' id='par_1_10' title="bbox 43 3316 951 3423">
     <span class='ocr_line' id='line_1_45' title="bbox 43 3316 951 3423; baseline -0.012 -15"><span class='ocrx_word' id='word_1_364' title='bbox 43 3371 134 3408; x_wconf 88' lang='lat' dir='ltr'><strong>norum</strong></span> <span class='ocrx_word' id='word_1_365' title='bbox 149 3348 267 3419; x_wconf 76' lang='lat' dir='ltr'><strong>ingenis?</strong></span> <span class='ocrx_word' id='word_1_366' title='bbox 276 3316 316 3407; x_wconf 81' lang='lat' dir='ltr'><strong>Eri</strong></span> <span class='ocrx_word' id='word_1_367' title='bbox 326 3368 373 3423; x_wconf 83' lang='lat' dir='ltr'><strong>ego</strong></span> <span class='ocrx_word' id='word_1_368' title='bbox 381 3350 517 3420; x_wconf 77' lang='lat' dir='ltr'><strong>preelectus</strong></span> <span class='ocrx_word' id='word_1_369' title='bbox 527 3354 604 3403; x_wconf 88' lang='lat' dir='ltr'><strong>nnius</strong></span> <span class='ocrx_word' id='word_1_370' title='bbox 615 3351 742 3413; x_wconf 88' lang='lat' dir='ltr'><strong>cohortis,</strong></span> <span class='ocrx_word' id='word_1_371' title='bbox 753 3360 780 3400; x_wconf 88' lang='lat' dir='ltr'><strong>et</strong></span> <span class='ocrx_word' id='word_1_372' title='bbox 792 3344 951 3399; x_wconf 77' lang='lat' dir='ltr'><strong>Csnioelates</strong></span> 
     </span>
    </p>
   </div>
   <div class='ocr_carea' id='block_1_6' title="bbox 0 0 1075 3709">
    <p class='ocr_par' dir='ltr' id='par_1_11' title="bbox 0 0 1075 3709">
     <span class='ocr_line' id='line_1_46' title="bbox 0 0 1075 3709; baseline 0 0"><span class='ocrx_word' id='word_1_373' title='bbox 0 0 1075 3709; x_wconf 95' lang='lat' dir='ltr'><strong> </strong></span> 
     </span>
    </p>
   </div>
  </div>
 </body>
</html>
