2100 3709
100 55 150 107 ica
414 65 440 100 e.
464 63 558 102 coar.
584 60 707 103 rsorrr

96 154 184 210 arium,
197 159 223 198 et
242 145 384 196 infamavit.
401 145 538 193 Fonteium
556 145 706 210 Capitonem
716 143 880 213 corruptum,
898 165 947 198 seu
961 153 1019 214 quia

96 238 259 286 corrumpere
267 222 413 284 nequirerat
423 256 428 272 ‚
440 217 575 288 interiecit.
587 212 672 267 Gallie
681 220 803 286 proditor,
813 222 930 272 Vitellio
941 223 1016 284 fidus,

97 313 122 348 et
135 300 243 346 aliorum
254 294 357 362 perfidii
372 295 521 342 illustratus.
843 334 850 338 ,
893 331 896 340 ,

128 371 224 420 LXIII.
241 369 356 434 Abruptis
372 367 482 432 undique
498 381 557 432 spe,
576 365 732 416 Vitellianus
747 369 836 429 miles⁷
852 373 1012 420 transiturus

97 446 123 494 in
135 458 232 510 partes,
245 443 270 491 id
282 458 382 506 quoque
396 457 448 490 aaa
462 437 515 487 siue
528 437 669 498 dedecore,
689 441 732 490 sed
744 443 789 490 sub
800 443 880 506 signis
892 445 1012 492 vexillis-

95 533 143 583 epse
155 520 180 565 in
189 516 314 577 subjectos
325 513 424 563 Narniae
433 529 536 577 campos
549 510 712 562 descendere.
724 515 860 562 Flavianus
871 519 1013 575 exercitus,
1041 531 1042 616 p

94 605 125 642 us
135 591 309 656 adpraeliurn,
324 590 436 637 intentus
447 597 626 648 armatusque,
640 585 724 635 densis
736 590 803 636 eirca
818 589 888 642 riam
909 591 1014 640 ordini·
1039 619 1042 634 ι

94 667 157 719 bus.
177 663 319 713 adstiterat.
338 662 444 728 Accepti
464 662 491 708 in
503 660 619 708 medium
631 660 783 710 Vitelliani:
798 674 823 708 et
835 665 1013 713 circumdatos

95 738 196 791 Primus
208 730 334 786 Antonius
346 736 483 783 clementer
497 734 659 797 adloquitur:
676 751 756 800 spara
770 735 883 793 Narnia,
897 754 962 802 pars
973 741 1014 790 ln-

96 822 215 861 teramnae
228 810 362 859 subsistere
372 826 387 856 a
402 805 481 871 iussi:
496 807 589 854 relictae
602 806 679 854 simul
694 804 707 853 ὲ
723 808 868 858 victricibus
882 809 1015 878 legiones,

50 933 52 937 ,
97 903 179 950 neque
195 884 381 948 quiescentibus
399 897 502 946 graves,
526 888 551 928 et
567 876 688 927 adversus
703 883 890 931 contumaciam
913 887 1013 937 valida.
1039 929 1040 934 ,

98 956 155 1005 Non
167 956 274 1005 omisere
286 972 330 1022 per
341 971 383 1002 eos
396 953 449 1000 dies
462 954 563 1001 Primus
575 967 603 998 ac
613 951 712 1014 Varus,
725 956 819 1004 crebris
831 959 934 1005 nuntiis
948 977 964 1005 a
974 976 1013 1007 sa·

97 1031 187 1090 lutem,
198 1041 224 1077 et
236 1031 382 1096 pecuniam,
395 1039 522 1076 etsecreta
535 1024 699 1092 Campaniae»
711 1026 799 1076 offerre
812 1030 940 1088 Vitellio,
955 1049 971 1079 n
981 1034 1012 1088 si,

97 1105 186 1170 positis
198 1105 288 1162 armis,
300 1116 375 1168 seque
388 1118 417 1149 ae
431 1101 524 1149 liberos
536 1114 594 1147 suos
606 1099 762 1164 Vespasiano
774 1103 937 1167 permisisset
947 1123 974 1153 u.
987 1107 1012 1152 ln

97 1177 215 1227 eumdem
229 1177 334 1224 modum
346 1187 371 1224 et
386 1173 520 1222 Mucianus
533 1173 678 1237 composuit
691 1175 813 1239 epistolas
826 1193 831 1220 t
846 1177 944 1239 quibus
957 1181 1011 1244 ple-

96 1270 204 1317 rumque
217 1251 294 1299 fidere
304 1250 439 1309 Vitellius,
451 1264 480 1295 ae
489 1247 520 1295 de
533 1264 659 1296 ‹rrruruero
672 1264 802 1298 servorum
812 1285 819 1312 ,
831 1250 962 1300 electione
974 1255 1012 1302 lit·

99 1337 207 1377 totumu
222 1325 303 1390 loqui.
314 1324 397 1373 Tanta
416 1319 522 1387 torpedo
537 1321 661 1368 invaserat
676 1322 805 1382 animum,
820 1335 863 1382 ut,
879 1325 900 1370 si
913 1329 1012 1390 princi-

97 1415 157 1466 pem
167 1415 225 1447 eum
236 1397 313 1447 luisse
323 1397 402 1446 ceteri
413 1411 464 1444 non
479 1394 670 1463 meminissent,
685 1396 737 1462 ipse
755 1395 964 1448 oblivisceretur.

131 1472 227 1523 LXIV.
247 1472 281 1521 At
295 1470 420 1536 primores
437 1467 561 1526 civitatis,
580 1467 696 1519 Flavium
709 1468 846 1527 Sabinum,
863 1471 1011 1534 praefectum

98 1547 179 1606 urbis,
192 1547 293 1595 seeretis
307 1543 467 1596 sermonibus
478 1541 637 1599 incitabant,
654 1559 670 1590 (r
680 1543 790 1592 victorie
811 1541 938 1609 famaeque
952 1563 1012 1612 par-

97 1630 151 1670 tem
166 1630 324 1687 capesseret:
339 1632 392 1666 esse
409 1616 447 1664 illi
463 1613 598 1678 proprium
617 1615 725 1664 militem
739 1614 886 1663 cohortium
898 1619 1012 1670 urbana·

97 1709 157 1750 rum
170 1710 175 1740 ι
192 1709 239 1740 nec
251 1689 381 1740 delaturas
391 1687 496 1752 vigilum
510 1684 647 1748 cohortes,
662 1689 766 1736 servitia
777 1690 910 1754 ipsorum,
925 1692 1011 1742 sortu-
1041 1697 1042 1702 ’

97 1781 158 1815 nam
168 1766 293 1830 partium,
307 1774 334 1808 et
352 1760 437 1808 omnia
453 1774 533 1824 prona
545 1759 697 1810 rict'oribus'.
711 1760 750 1809 Ne
764 1758 876 1811 Antonio
888 1765 1011 1832 Varoque

98 1838 130 1887 de
141 1838 221 1903 glor-isi
233 1833 393 1883 concederet.
409 1833 505 1881 Paucas
517 1830 623 1882 Vitellio
637 1829 770 1894 cohortes,
783 1845 808 1882 et
821 1838 918 1886 moestis
934 1840 1011 1888 undi-

97 1928 146 1977 que
155 1911 249 1959 nuntiis
263 1905 389 1972 trepidas:
401 1907 492 1971 populi
503 1903 626 1954 mobilem
641 1908 770 1971 animum3
783 1919 823 1968 et,
842 1911 865 1960 si
877 1927 903 1960 se
917 1912 1009 1962 ducem

97 1983 260 2051 praebuisset,
272 1980 372 2031 easdem
385 1981 441 2028 illas
451 1980 610 2033 adulationes
624 1996 671 2046 pro
681 1981 836 2047 Vespasiano
847 1983 911 2035 lore.
921 1988 1007 2052 Ipsum

97 2057 233 2106 Vitellium
245 2074 276 2106 ne
289 2056 417 2122 prosperis
426 2054 531 2118 „quidem
544 2069 646 2121 parem,
666 2054 729 2103 adeo
742 2057 874 2104 inentibus
888 2057 1007 2111 debilita-

97 2142 163 2180 tum.
174 2129 288 2180 Gratiam
298 2129 389 2196 patrati
401 2128 462 2176 belli
474 2145 553 2195 penes
567 2145 626 2177 eum
633 2163 640 2187 ‚
650 2131 695 2192 qui
706 2129 795 2191 urbem
807 2145 967 2197 occupasset.
981 2134 1007 2182 ld

97 2205 189 2255 Sabino
200 2207 350 2268 conren'pe,
363 2213 392 2250 ut
403 2203 538 2266 imperium
548 2200 620 2248 fratri
633 2216 772 2251 reservaret
783 2221 789 2268 5
804 2202 831 2252 id
839 2203 1007 2270 Vespasiano,

97 2290 128 2326 ut
136 2280 214 2326 ceteri
225 2291 283 2344 post
294 2279 414 2338 Sabinum
424 2276 576 2324 haberentur
586 2292 614 2324 u.

129 2351 213 2413 LXV.
225 2351 301 2401 Haud
310 2367 436 2416 quaquam
445 2363 530 2400 erecto
540 2351 624 2398 animo
636 2365 678 2397 eas
687 2367 762 2400 voces
773 2353 929 2418 accipiebat,
941 2354 1009 2404 iuva·

97 2423 166 2474 lidus
178 2425 287 2474 senectia.
297 2425 375 2474 Erant
387 2460 394 2484 ,
404 2425 448 2488 qui
458 2423 564 2472 occultis
576 2421 760 2496 suspicionibus
770 2427 941 2488 incesserent,
952 2440 1010 2478 tan·

100 2515 176 2562 quam
200 2499 318 2550 cinvidia
338 2512 365 2548 et
384 2499 542 2548 aemulatione
564 2497 693 2546 fortunam
718 2500 803 2548 fratris
827 2514 1008 2552 morareturn.

96 2573 213 2639 Namque
224 2574 245 2622 F
247 2576 326 2623 larius
342 2574 449 2622 Sabinus
465 2583 535 2619 aetatc
552 2573 637 2636 prior,
651 2573 758 2638 privatis
772 2574 902 2638 utriusque
914 2578 1010 2640 rebus,

99 2648 261 2707 auctoritate,
280 2647 437 2713 pecuniique
451 2646 636 2712 Vespasianum
650 2647 768 2696 anteibat.
788 2649 820 2695 Et
838 2648 1013 2708 credebatur,

41 2766 43 2771 ,
98 2718 212 2767 allectam
226 2720 278 2784 ejus
290 2721 364 2788 fidem
376 2720 536 2786 praejuvisse,
549 2719 626 2768 domo
638 2720 752 2784 agrisque
771 2721 873 2786 pignori
886 2727 1008 2790 acceptis.

97 2791 189 2856 Unde,
210 2811 352 2858 quanquam
370 2804 487 2842 manente
506 2794 532 2840 in
550 2793 658 2858 speciem
675 2794 808 2843 concordis
818 2830 826 2854 ,
838 2795 1009 2860 offensarum,

97 2876 186 2928 operta
198 2867 384 2916 metuebantur.
394 2866 669 2932 Meliorinterpretatio
681 2883 686 2914 :
700 2884 715 2914 a
723 2869 811 2916 mitem
819 2869 908 2931 ,virum
919 2871 1009 2921 abbor-

96 2951 150 2986 rere
166 2937 309 3002 lassugnine
318 2953 346 2989 et
360 2940 469 2988 cedibus
481 2959 487 2986 :
501 2939 582 3002 eoque
596 2941 691 2988 crebris
703 2957 761 2988 cum
771 2942 878 2992 Vitellio
887 2949 1010 2996 sermoni·

96 3012 145 3059 bus
154 3011 185 3059 de
196 3027 270 3076 pace,
280 3012 456 3076 ponendisque
465 3029 510 3077 per
519 3015 694 3064 conditionem
702 3017 792 3075 armis,
802 3020 897 3080 agitare
905 3037 932 3070 n.
942 3020 1007 3088 Sapi

80 3083 169 3152 *domi
179 3086 324 3149 congressi,
336 3085 467 3151 postremo
478 3088 503 3134 in
516 3087 567 3136 nde
579 3087 723 3154 Apollinis,
735 3101 764 3137 ut
776 3091 841 3138 l'ama
855 3089 920 3152 fuit,
933 3099 1008 3162 pepi·

97 3157 166 3220 gere.
176 3158 261 3207 Verba
273 3174 396 3224 vocesque
414 3159 478 3207 duos
491 3172 567 3210 testes
580 3163 719 3222 habebant,
732 3165 850 3212 Cluvium
874 3163 970 3216 linium
984 3181 1006 3218 et

97 3230 186 3278 Silium
193 3231 415 3294 Italicum-Vultus
422 3236 510 3300 proctd
517 3237 657 3284 visentibus
665 3238 817 3286 notabantur
827 3238 944 3304 ,Vitellii
951 3258 1003 3308 pro·

96 3300 178 3366 iectus
190 3314 215 3352 et
226 3302 349 3371 degener,
361 3308 468 3361 Sabinas
479 3327 532 3362 non
543 3310 669 3379 insultans
676 3344 684 3374 ,
697 3323 722 3362 et
740 3314 876 3365 miseranti
892 3320 1003 3384 propior·
1041 3313 1042 3340 ¹

637 3443 642 3464 l
