2100 3709
63 14 119 54 aro
214 53 218 65 ,
377 13 403 54 e.
423 12 521 53 coar.
541 6 656 50 racrrr

65 90 360 162 quo'ltellassent,armia
369 97 531 164 ademptum,
543 110 572 143 ac
580 93 639 160 pdrt
647 93 678 146 C.
687 92 791 170 crepuit
800 105 827 144 et
835 92 874 145 M.
888 92 972 144 Anto·

63 177 101 228 nii
107 177 394 231 sententidredditumn.
405 178 500 229 Contri
505 176 639 235 Messenii„
647 193 661 226 ι
670 187 780 227 veterem
787 170 977 228 interHerculis

63 261 181 314 posteros
195 249 349 302 divisionem
354 251 523 317 Peloponnesi
530 266 555 310 u,
565 248 702 315 protulire‚
713 266 831 316 nauoque
838 252 892 316 regi
902 250 974 300 Den-

65 321 196 374 tlreliatem
208 343 313 393 agrum,
326 329 352 374 in
363 343 413 392 quo
422 323 449 373 id
460 324 609 387 delubrum,
626 323 729 373 cessisse
745 342 752 372 z
767 327 973 390 monimentaque

64 395 118 460 ejus
128 399 164 447 rei
175 401 273 468 sculpta
284 401 364 458 sama,
378 411 406 448 et
414 414 462 447 aere
470 398 553 464 prisco
564 411 665 446 manere
678 414 684 444 z
698 395 767 461 qudd
777 397 800 444 si
812 410 916 456 vatum,
930 415 974 448 an·

63 470 160 522 aralium
169 474 202 523 ad
214 475 355 524 testimonia
366 483 503 534 vocentur,
514 471 599 538 plures
610 471 659 520 eibi
672 487 700 520 ac
712 471 894 537 locupletiores
903 488 975 521 este:

62 559 146 608 neque
160 545 309 613 Philippum
323 543 439 612 potentii
451 578 458 601 ,
472 543 518 594 aed
535 559 565 590 ex
583 558 644 591 rero
664 543 782 594 statuisse
798 562 804 593 ι
823 543 894 593 idem
910 542 976 608 regis

62 616 197 684 Antigoni,
209 619 277 684 idem
286 620 447 687 imperatoris
456 615 702 682 Mummiijndicium
714 635 719 664 :
731 616 975 684 siclllilesiot,per-

61 691 142 740 misso
151 694 252 759 publici
263 694 386 754 arbitrio,
399 690 530 760 postremd
543 690 660 741 aridium
672 692 826 749 Geminum,
838 702 974 757 praetorem

59 763 162 814 Achaia
171 765 343 819 decrevisse».
355 769 393 816 Ita
402 765 543 816 secundum
549 765 688 816 Messenios
697 765 794 816 datum·
803 767 836 817 Et
843 765 977 832 Segestani

60 838 274 890 eademvenertr
282 879 289 898 ,
298 851 413 891 montem
421 838 490 905 apud
496 841 620 907 Erycum,
632 850 758 889 vetustate
766 838 907 905 dilapsam,
919 855 977 888 res-

61 914 177 961 taurario
190 913 367 980 postulavdre3
381 925 443 962 nota
454 924 625 962 memorantes
639 911 670 962 de
682 911 779 978 origine
792 914 859 975 eius,
875 925 901 961 et
915 913 975 964 leta
1042 943 1043 948 =

58 984 181 1034 Tiberio:
194 989 401 1055 srmoepitcuram
409 987 503 1050 lilrena,
515 997 545 1035 ut
557 985 846 1052 consanguineus.Tunc
858 997 977 1056 tractata

58 1056 257 1110 Massiliensium
271 1077 373 1130 precer,
385 1061 572 1129 probatumque
582 1059 613 1125 P.
623 1060 713 1110 Rutilii
722 1061 865 1126 exemplum
876 1077 883 1108 :
896 1075 977 1110 narn-
1042 1067 1043 1122 l

58 1146 194 1194 quaeum,
208 1135 307 1202 legibus
315 1137 436 1202 pultum,
447 1135 531 1183 civem
541 1135 663 1200 Smyrnaei
676 1133 843 1183 addiderant:
855 1149 907 1198 quo
915 1133 976 1203 jure
1042 1177 1043 1194 ,

56 1205 189 1257 Vulcatius
196 1209 414 1266 Moschuaexsul,
424 1209 450 1258 iu
460 1207 631 1258 Massilienses
643 1220 773 1275 receptus,
783 1207 850 1266 bona
862 1221 908 1259 tua
917 1210 974 1258 rei-
1042 1201 1043 1206 ¹

56 1280 276 1345 publicatorum,
288 1294 318 1331 ut
327 1282 428 1349 patrire,
439 1281 586 1346 reliquerat.

87 1355 181 1405 XLlV.
193 1356 286 1407 Obiere
294 1373 326 1404 eo
333 1371 401 1405 auno
411 1355 461 1405 riri
470 1354 569 1404 nobiles
582 1354 631 1406 Cn.
640 1351 778 1412 Lentulus,
792 1364 818 1403 et
829 1351 861 1406 Ir.
875 1351 976 1404 Domi-

57 1426 118 1478 tius.
137 1427 265 1491 Lentulo,
285 1447 361 1498 super
378 1428 557 1489 consulatum,
571 1440 598 1478 et
610 1425 775 1494 triumphalia
795 1426 826 1477 de
846 1425 975 1489 Getulis,
1042 1465 1043 1470 ,

57 1501 144 1566 gloriar
156 1502 312 1558 iueratbene
324 1506 432 1555 tolerata
440 1513 590 1570 paupertaa‚
602 1499 662 1548 dein
673 1516 767 1564 inagna
776 1515 837 1566 opes
846 1501 977 1550 innocen·
1042 1502 1043 1509 ’

59 1584 100 1624 ter
111 1592 220 1643 parate,
230 1592 258 1630 et
269 1579 386 1630 modeste
396 1576 496 1624 habitae.
508 1573 656 1620 Domitium
664 1570 791 1620 decorarit
802 1586 887 1636 pater,
898 1576 977 1626 cirili

58 1646 127 1698 bello
136 1655 213 1701 maris
222 1665 326 1717 potens,
336 1649 418 1696 donec
426 1643 532 1690 Antonii
542 1640 665 1704 partibua,
675 1657 734 1692 mox
742 1643 843 1696 Caesaris
850 1650 975 1700 miscere.
1042 1653 1043 1710 J

58 1729 110 1769 tur.
117 1717 405 1786 Avufflhamlieiacie,
413 1729 460 1779 pro
466 1711 631 1777 optimatibus
638 1712 838 1780 cecidnnrzipse
844 1717 973 1792 delectus,

58 1792 100 1839 cui
117 1793 202 1841 minor
219 1791 349 1847 Antonia,
363 1786 476 1838 Octavii
487 1785 586 1848 genita,
601 1785 627 1831 in
644 1788 836 1836 matrimonium
853 1789 974 1848 daretur.
1042 1785 1043 1809 ³

57 1863 130 1920 Pdst,
142 1867 253 1920 exercitu
264 1867 360 1914 flumen
369 1859 458 1908 Albim
465 1855 631 1920 transcendit,
644 1857 743 1923 longiis
757 1865 887 1926 penetrati
900 1869 976 1920 Ger·
1042 1855 1043 1884 ³

56 1938 159 2000 manli,
172 1938 247 2002 quim
260 1939 393 2002 quisquam
404 1934 518 2000 priorum
531 1948 538 1980 ε
551 1948 644 1998 eatque
657 1933 742 1984 oh'res
754 1937 861 2003 insignia
873 1943 974 1996 trium..
1042 1934 1043 1944 ¹

58 2011 104 2076 piri
111 2011 217 2076 adeptus
224 2009 351 2076 estrObiit
358 2020 385 2058 et
392 2007 422 2057 [ι.
432 2007 572 2064 Antonius.
581 2007 662 2058 multi
670 2010 850 2064 claritatudine
858 2020 974 2085 generis,

57 2083 102 2133 sed
116 2083 270 2149 inprosperi
286 2099 364 2132 :uam
376 2096 447 2149 patre
461 2081 532 2145 ejus,
546 2081 604 2130 lalo
618 2081 746 2143 Antonio,
763 2085 796 2134 ob
811 2086 971 2143 adulterium
1040 2083 1043 2110 ¹¹

54 2153 126 2206 tutia
136 2169 218 2206 morte
230 2159 321 2225 punito
328 2156 414 2217 rhunc
426 2155 565 2206 admodum
575 2155 804 2224 adolescentulum,
815 2163 909 2214 sororia
922 2183 969 2214 ne.
1042 2156 1043 2183 ³

53 2241 157 2294 potem,
169 2232 281 2297 seposuit
289 2225 458 2298 Augustua'iu
469 2230 598 2280 civitatem
610 2229 811 2296 Massiliensem,
825 2235 869 2284 ubi
882 2241 968 2304 specie
1042 2255 1043 2258 ’

55 2304 197 2355 studiorum
205 2307 519 2372 nomenexsiliitegeretur
527 2304 967 2382 :habitustamensupremishooor,

55 2395 163 2448 ossaque
171 2384 271 2436 tantulo
280 2383 445 2434 Octaviorum
455 2382 534 2445 illata,
544 2397 589 2448 per
598 2380 729 2434 decretum
738 2383 847 2434 senatis.
935 2392 938 2398 ’

85 2457 167 2512 XLV.
181 2457 276 2510 lisdem
291 2459 454 2517 consulibua,
465 2454 562 2506 iaoinm
574 2467 647 2506 atrox
663 2460 689 2509 in
702 2461 819 2529 citeriore
829 2459 968 2527 Hispanii,
995 2514 999 2518 ,
1040 2455 1043 2482 ‘¹

57 2529 194 2583 admittam
205 2534 220 2583 i
231 2535 343 2600 quodam
354 2534 465 2599 agresti,
479 2531 590 2582 nationis
603 2533 765 2584 Termestinae
780 2552 785 2583 :
799 2535 820 2582 is
831 2545 966 2602 pretorem
1037 2543 1043 2594 ’ἶ

55 2609 190 2668 provincia
196 2641 204 2669 ,
214 2606 246 2656 L.
255 2609 373 2656 Pisonem
382 2644 389 2666 ,
398 2621 460 2671 pace
471 2605 626 2655 incuriosum
635 2641 640 2662 ,
650 2623 682 2656 ex
689 2607 827 2672 improuiso
839 2609 864 2656 in
873 2606 965 2662 itinere
1042 2607 1043 2635 ³

54 2677 167 2738 adortus,
174 2696 227 2728 uuo
236 2681 341 2729 vulnere
349 2681 375 2728 in
382 2691 492 2727 mortem
500 2677 594 2730 adiecit
603 2699 608 2729 :
618 2695 648 2729 ao
655 2681 800 2747 pernicitate
809 2681 866 2744 equi
875 2681 966 2746 prolu-

55 2767 110 2816 gua,
116 2765 250 2818 postquam
258 2755 383 2803 saltuosos
390 2755 459 2804 locos
469 2755 595 2819 attigerat,
606 2756 710 2806 dissimo
719 2773 794 2821 equo,
801 2770 847 2819 per
856 2756 965 2830 derupta
1037 2773 1043 2787 t

56 2839 81 2874 et
91 2829 148 2876 avia
160 2831 288 2894 sequentis
295 2829 430 2882 frustratus
440 2843 492 2880 eat:
502 2850 583 2900 neque
593 2835 639 2885 diu
649 2833 735 2882 leiellit
747 2850 753 2882 r
767 2849 825 2881 nam
836 2833 965 2898 prehenso
1041 2833 1043 2842 ¹

56 2899 184 2968 ductoque
193 2922 239 2970 per
248 2909 378 2971 proximos
387 2922 467 2972 pagos
477 2925 543 2973 equo
549 2945 556 2974 ,
571 2909 644 2974 cujus
652 2909 718 2958 io'ret
727 2909 870 2974 cognitum:
880 2921 906 2958 et
913 2927 964 2960 re·
1036 2912 1043 2934 ¹

54 2988 156 3041 pertus,
166 2993 246 3040 quum
257 2982 389 3030 tormentis
401 2980 475 3030 edere
484 2983 599 3031 conscios
614 2981 768 3048 adigeretur,
783 2999 843 3032 voce
855 2985 963 3049 magni,

54 3062 173 3101 sermone
185 3053 398 3121 patrio,srustrd
410 3073 437 3108 ae
449 3057 614 3126 interrogari
626 3055 780 3106 clamitavit:
793 3055 964 3110 «adsisterent
1038 3079 1040 3124 3

56 3125 119 3173 socii
127 3141 156 3174 ac
165 3130 322 3192 spectarent:
333 3130 429 3177 nullam
439 3130 491 3178 rim
501 3143 598 3180 tantam
608 3131 704 3180 doloris
714 3131 780 3195 lore,
792 3143 820 3180 ut
829 3133 963 3192 veritatem
1035 3147 1040 3156 '¹

56 3198 159 3250 eliceret
170 3218 185 3251 a
196 3192 207 3250 :¹
217 3201 335 3266 idemque
345 3218 424 3267 quum
436 3215 539 3268 postero
551 3203 584 3254 ad
598 3205 771 3270 quaesitioncm
783 3205 963 3272 retraheretur,

54 3272 153 3349 'onitu
162 3276 286 3344 proripuit
296 3291 322 3326 ae
332 3274 493 3344 custodibo»,
505 3293 615 3344 ratoque
625 3289 701 3344 caput
710 3277 818 3349 adflixit,
832 3290 860 3331 nt
875 3283 980 3334 statim?
1037 3285 1038 3288 ’
