2100 3709
52 77 101 142 ted
367 97 394 135 c.
413 94 508 135 coar.
523 93 639 138 rtcrra

52 182 164 235 censoris
172 176 309 230 inibantur.
320 180 440 230 Famosos
451 181 550 246 probris
561 197 672 245 quonum
683 179 761 230 modo
771 192 862 232 senatu
873 180 985 250 depel-

50 259 209 311 leretanxius
216 295 223 320 ,
231 258 319 307 mitem
329 267 354 305 et
361 255 596 324 recensrepertam,
605 257 717 322 qulmex
726 260 860 307 severitate
869 257 984 324 prisca,

52 337 177 385 rationem
186 331 316 394 adhibuit5
326 329 469 386 mouendo,
482 347 587 380 osseum
596 333 702 396 quisque
713 330 744 380 de
756 345 782 380 se
791 332 980 392 consultaret,

52 417 198 474 peteretque
209 405 247 471 jus
260 403 382 457 easuendi
393 405 508 454 ordinis:
523 403 623 452 facilem
632 405 685 466 ejus
697 404 734 453 rei
745 405 861 472 veniam,
873 415 898 453 et
906 419 984 452 rno-

53 491 95 530 tos
112 491 214 537 senatu,
226 489 253 527 et
263 488 394 527 excusatos
409 477 486 526 simul
499 477 708 544 propositurum:
722 489 751 525 ut
763 476 886 539 judicium
901 493 982 526 cerr-

55 572 156 612 sorum,
173 569 202 602 sc
213 552 297 619 pudor
310 562 400 618 sponte
414 549 560 599 cedentium
571 549 707 616 permixti,
720 551 887 618 ignominiam
898 551 983 598 mol-

54 629 161 679 lirent».
172 628 213 676 ob
224 641 253 674 ea
265 625 404 690 Vipstanus
411 623 502 672 consul
512 624 615 682 retulit,
626 635 746 688 «patrem
761 624 862 672 senatuis
874 623 981 690 appel·

55 704 161 754 landum
167 699 474 764 esseOlaudiumzquippe
480 701 652 765 promiscuum
656 704 749 770 patris
752 702 858 770 petrice
870 716 982 766 cogno-

57 789 174 828 mentum
189 793 196 824 :
214 790 280 823 nove
298 775 325 822 in
339 773 523 839 rempublicam
539 774 630 823 merita
648 790 701 822 non
717 774 819 834 usitatis
836 775 983 823 vocabulis

57 848 204 899 lroncranda
212 865 238 897 u.
254 845 304 896 Sed
316 849 370 914 ipse
382 843 498 896 cohibuit
508 848 656 904 consulem,
672 860 700 897 ut
711 847 819 897 nimium
836 859 983 898 assentan-

58 934 112 972 tem
125 939 131 970 :
143 919 307 986 condiditque
320 920 445 979 lustrum,
456 937 507 987 quo
518 937 592 969 censa
602 932 661 970 sunt
669 922 765 970 civium
774 934 840 970 uxrx
851 931 983 979 centena,

59 1006 88 1044 et
99 1008 164 1043 mv
176 995 269 1050 mittis.
282 995 356 1061 Isque
375 994 413 1044 illi
423 996 480 1045 finis
497 996 602 1045 inscitie
620 1011 679 1062 erga
696 995 802 1046 domum
814 987 957 1044 susmtsuit
971 1013 980 1044 :

59 1064 130 1118 baud
142 1066 307 1134 multdpost,
320 1069 412 1135 flagitia
427 1071 515 1119 uxoris
534 1085 639 1119 noscere
656 1085 685 1118 ac
702 1070 791 1136 punire
807 1069 926 1127 adactus,
945 1079 984 1118 ut

62 1141 153 1192 deinde
166 1141 309 1192 ardesceret
319 1143 346 1191 in
358 1144 460 1211 nuptias
476 1145 592 1193 incestas.

93 1216 192 1267 xxvi,
206 1217 262 1264 Jsm
269 1216 529 1267 Messalinalacilitate
535 1217 709 1266 adulterorum
716 1217 743 1266 iu
749 1214 878 1266 fastidium
885 1214 980 1277 versa,

62 1290 94 1340 sd
104 1290 245 1355 incognitas
253 1289 372 1340 libidines
379 1291 539 1358 piofluebat5
549 1307 628 1357 quum
638 1293 764 1362 abrumpi
771 1288 981 1342 dissimulatio·

23 1374 27 1378 ’
62 1381 125 1417 nem
136 1363 213 1412 etiam
222 1363 314 1426 Silius,
325 1364 378 1412 sive
386 1361 456 1413 fatali
465 1364 599 1427 vecordffl,
611 1381 642 1412 an
653 1363 837 1414 imminentium
849 1361 985 1428 periculo-

62 1452 122 1487 rum
135 1436 276 1486 remedium
289 1437 344 1503 ipsa
355 1437 466 1504 pericula
474 1451 561 1506 ratus,
573 1437 687 1503 urgebat.
698 1439 798 1504 Quippe
806 1452 860 1484 non
870 1434 900 1483 ed
912 1452 983 1486 ven·

61 1521 134 1570 tum,
143 1523 173 1562 ut
179 1521 306 1561 senectam
315 1508 437 1579 principis
445 1515 638 1577 opperirentur:
649 1512 790 1560 insontibus
800 1509 984 1560 innoxisc6u·

62 1585 120 1634 eilia
128 1605 136 1648 ;
145 1586 248 1651 flagitiis
256 1586 408 1642 manifestis,
418 1584 560 1633 subsidium
567 1585 597 1630 ab
605 1584 708 1631 sudsere
718 1583 854 1648 petendum
866 1602 871 1632 :
884 1585 981 1636 adesso

63 1659 195 1718 conscios,
207 1655 277 1721 paris
289 1664 441 1702 metuentes.
452 1652 620 1711 Se'caelibem,
630 1653 736 1720 orbum,
745 1656 842 1719 nuptiis
855 1668 881 1706 et
891 1656 985 1728 adop«

63 1729 144 1780 tando
150 1728 295 1776 britannico
300 1737 418 1792 paratum
427 1742 434 1774 ε
444 1741 591 1776 mansuram
601 1728 715 1777 eamdem
725 1727 875 1780 Messalliuae
882 1745 986 1798 poten.
1039 1719 1040 1780 i

65 1803 127 1851 tism
135 1835 142 1858 ,
150 1798 237 1849 additi
248 1799 392 1855 securitate,
408 1799 430 1846 si
440 1800 609 1863 prevenirent
620 1799 756 1849 Claudium
768 1838 774 1859 ,
788 1814 816 1850 ut
825 1802 923 1856 insidiis
936 1811 984 1858 in-

65 1885 184 1934 centum,
193 1874 227 1921 ita
237 1873 419 1937 ireproperum
426 1888 453 1920 a.
464 1871 578 1936 segniter
585 1871 983 1941 hevocesacceptae,nonamore

64 1948 93 1999 iu
102 1948 236 2009 maritum3
246 1944 291 1995 sed
307 1961 339 1992 ne
353 1943 430 1995 Silius
445 1961 544 1995 summa
562 1946 668 2014 adeptus
679 1961 808 2015 sperneret
819 1951 983 2018 adulteram,

67 2021 197 2082 scelusque
211 2019 278 2067 iuter
287 2017 406 2083 ancipitia
415 2019 567 2097 probatum,
578 2022 645 2072 reris
654 2038 716 2074 mox
725 2023 812 2091 pretiis
823 2029 981 2098 aestimaret3

67 2107 163 2144 nomen
180 2103 267 2140 temen
284 2091 444 2145 matrimonii
459 2097 623 2162 concupivit,
642 2100 675 2149 ob
692 2098 892 2164 magnitudinem
907 2103 983 2154 ints·
1039 2117 1040 2160 t

69 2165 140 2221 mia,
150 2165 222 2228 cujus
236 2166 305 2233 apud
315 2167 437 2235 prodigos
449 2170 586 2222 novissima
597 2173 714 2238 voluptas
725 2183 771 2222 est.
782 2171 837 2222 Nec
848 2175 915 2226 uitri
928 2193 981 2226 ex-

44 2247 50 2267 *
69 2249 197 2305 metato,
207 2238 283 2304 qulm
298 2241 359 2291 dum
371 2245 488 2292 sacrificii
496 2243 575 2306 gratii
589 2243 707 2292 Claudius
719 2243 817 2294 Ostiam
826 2247 979 2312 proticisce-
1039 2247 1040 2266 ³

69 2323 253 2368 retur,cuucta
264 2314 412 2380 nuptiarum
424 2317 536 2366 solennia
549 2315 670 2364 celebrat.
953 2363 958 2368 .
1039 2369 1040 2376 ,

102 2384 217 2437 xxvlt.
231 2387 308 2439 Haud
318 2403 374 2437 sum
388 2391 489 2455 ignarus
499 2388 642 2438 fabulosum
652 2389 733 2438 risum
748 2389 792 2451 iri,
807 2401 905 2442 tutatum
915 2391 978 2442 ullis
1039 2383 1040 2444 l

72 2460 220 2511 mortalium
232 2463 374 2512 securitatis
388 2461 476 2524 luisse,
490 2461 516 2509 in
535 2461 636 2510 civitate
653 2463 768 2512 omnium
781 2463 856 2532 guard
873 2476 900 2515 et
910 2463 978 2516 nihil
1004 2491 1008 2496 -
1039 2505 1040 2508 η

71 2535 212 2592 reticente,
226 2535 322 2584 nedum
339 2536 469 2584 consulem
486 2532 658 2597 designatum,
675 2551 731 2585 cum
745 2555 824 2588 uxore
841 2539 977 2604 principis,

70 2605 189 2671 predicti
198 2607 252 2668 die,
262 2608 395 2664 adhibitis,
403 2608 446 2670 qui
453 2605 631 2671 obsignarent,
642 2608 977 2680 yelutsuscipiendorumli·
1039 2651 1040 2668 2

70 2678 192 2726 berorum
203 2680 277 2727 causi
284 2718 293 2740 ,
300 2680 448 2729 convenisse
457 2696 463 2724 :
472 2689 547 2742 atque
558 2679 627 2729 illam
638 2681 737 2733 audisse
746 2688 876 2750 auspicum
888 2685 973 2751 rerba,

72 2749 186 2810 subisse,
205 2752 354 2800 sacriflcisse
366 2750 433 2816 apud
447 2750 522 2812 deos,
539 2751 692 2804 discubitum
708 2758 773 2808 iuter
788 2759 922 2824 convivas3
934 2775 976 2808 os·
1039 2753 1040 2790 Q

72 2822 147 2882 culs,
159 2823 323 2890 complexum
337 2834 439 2872 noctem
451 2818 559 2889 denique
572 2836 652 2875 actam
666 2829 767 2879 licentii
780 2830 914 2896 conjugali.
927 2831 975 2882 ted
1039 2863 1040 2892 ,

72 2893 138 2950 nibil
145 2899 316 2964 compositum
325 2895 440 2946 miraculi
450 2896 524 2946 causa
529 2934 538 2958 ,
550 2899 639 2949 veriam
649 2901 734 2950 audita
744 2906 886 2971 scriptaque
894 2907 976 2956 senio·

71 2971 144 3020 ribus
157 2969 265 3019 tradam.
876 2995 878 3000 ·
934 2975 938 2982 ⁴
1039 2975 1040 3032 1

74 3081 79 3086 .
104 3041 231 3094 xxvm.
243 3041 973 3121 Igiturdomuspriucipisinhorruerat5maximeque,quus

71 3129 150 3180 penes
158 3118 282 3184 potentia,
293 3129 328 3182 et,
339 3116 360 3164 si
365 3133 405 3166 res
413 3130 549 3180 verterent,
561 3121 682 3187 formido,
692 3141 743 3172 non
753 3128 802 3189 jam
811 3125 913 3174 secretis
922 3119 973 3172 c'ol-

71 3188 181 3253 loquis,
196 3189 241 3239 sed
254 3189 340 3255 aperti
350 3189 470 3252 fremere,
487 3195 578 3245 «Dum
595 3195 685 3247 histrio
699 3200 843 3248 cubiculum
854 3198 972 3262 principis
1039 3245 1040 3258 ,

72 3263 254 3319 exsultaverit,
265 3263 488 3332 dedecusqnidem
500 3268 599 3319 illatum
608 3288 615 3336 3
624 3269 669 3322 sed
681 3271 918 3337 exscidium-procul
929 3269 973 3318 ab·
1039 3259 1040 3306 3

71 3328 170 3388 lutat:
186 3352 255 3388 aaut
271 3335 390 3405 iuream
400 3342 527 3420 nobilem,
539 3335 663 3424 dignitus
681 3343 781 3422 torpe,
794 3347 820 3401 ri
830 3343 964 3408 mentius
1039 3359 1040 3414 ᾗ
