2100 3709
291 67 471 113 Attal-munt
490 78 558 116 m.
576 78 619 116 Η.
875 81 908 149 47

16 148 77 199 istit.
93 146 234 215 Adjecerat
252 161 278 201 et
287 152 428 215 -Tiberius,
444 172 520 205 anon
534 158 560 205 id
573 171 674 225 tempus
688 176 812 234 censure3
828 186 876 222 nee
887 174 910 224 sl

16 224 59 287 prid
67 224 90 273 in
101 224 222 275 moribus
236 227 346 293 labaret,
363 230 508 281 defuturum
520 235 665 299 corrigendi
679 251 817 290 auctorem.
826 262 841 293 u

16 330 17 335 ,
38 300 157 351 XXXIV.
173 300 248 349 Inter
261 320 315 367 qua
327 302 357 356 L.
369 304 427 355 Piso
441 308 588 357 «ambitum
599 309 647 358 lori
655 348 663 375 ,
675 328 794 380 corrupta
802 318 908 385 judicia,

16 375 118 423 tantiam
127 385 264 423 oratorum
275 378 447 429 accusationes
456 382 630 429 minitantium
638 384 785 455 increpans
793 425 800 447 ,
809 393 877 442 abire
885 411 910 443 se

16 446 126 497 needere
142 448 225 506 iube,
243 449 369 499 victurum
387 453 411 499 in
430 454 514 517 aliquo
531 454 617 503 abdito
634 468 660 505 et
675 458 816 526 longinquo
827 482 910 533 turer

16 521 135 569 testabatur
149 538 156 567 :
172 523 253 571 simul
269 527 364 573 curiam
378 528 548 592 relinquebat.
563 526 710 580 Commotus
724 546 762 583 est
774 535 912 606 Tiberius,

16 606 30 643 tt
38 615 177 661 quanquam
190 600 299 649 mitibus
314 604 397 651 verbis
414 605 535 653 Pisonem
555 608 740 669 permulsisset‚
754 615 914 680 propinquos

16 688 93 735 tuoque
109 672 166 736 ejus
187 675 308 739 impulit,
320 688 349 725 ut
362 680 495 727 abeuntem
513 682 677 731 auctoritate
692 686 731 732 rel
742 691 861 751 precibus
873 704 913 741 te·
955 709 960 717 ·

16 740 96 793 retenti
107 746 186 795 Haud
200 750 285 795 minus
301 751 378 799 liberi
391 750 487 799 doloris
501 750 682 804 documentum
695 757 764 807 idem
776 762 834 811 Piso
851 774 913 815 mox

16 816 81 879 ledit,
96 823 192 887 vocati
203 822 285 887 in‘jus
302 825 456 891 Urgulania,
471 844 547 891 quarn
565 847 638 896 supra
653 832 720 895 leges
733 836 844 887 amicitia
855 839 914 889 Au-

16 906 72 957 psta
82 900 223 949 extulerat:
233 912 282 947 neo
291 912 335 949 aut
347 900 484 966 Urgulania
497 903 694 968 obtemperavit,
706 906 733 955 in
743 906 848 961 domum
855 916 914 963 Ca-

16 969 75 1031 uris,
89 984 176 1035 spreto
191 972 285 1023 Pisone
294 1008 302 1034 ,
312 986 384 1023 recta
395 993 402 1040 3
416 987 459 1023 aut
469 975 511 1025 ille
523 976 786 1046 abstitit‚quanquam
796 986 911 1053 Artgusta

16 1044 140 1101 teriolan'
155 1055 183 1098 et
201 1047 343 1103 imminui,
361 1061 489 1111 queretur.
506 1048 623 1124 Tiberius
641 1052 761 1105 haetenus
779 1058 911 1127 indulgere

16 1112 71 1163 tratri
80 1118 156 1167 civile
166 1131 250 1179 ratus,
260 1130 290 1167 nt
304 1124 347 1167 use
359 1119 454 1169 iturum
463 1120 494 1169 ad
503 1124 617 1186 prataria
627 1125 740 1176 tribunal
746 1164 754 1188 ,
763 1130 910 1187 adfuturum

16 1184 908 1264 Urgulaniamdioeret,processitpalatio,prooulsequijnssismilltdrus:

16 1263 171 1323 uectabatur,
186 1276 336 1315 oecurrente
348 1268 458 1331 populo,
471 1271 630 1335 compositus
643 1288 702 1330 ore,
716 1283 742 1322 et
752 1283 910 1334 sermonibus

16 1338 74 1387 ,tariis
83 1328 185 1409 tempus
198 1334 274 1415 atque
284 1344 335 1403 iter
347 1344 458 1409 ducens3
469 1345 549 1393 donee
558 1348 707 1411 propinquis
717 1350 835 1404 Pisonem
844 1358 912 1408 frus-

16 1418 41 1457 tta
47 1418 228 1479 coercentibus,
234 1418 328 1473 deferri
334 1414 448 1479 Astgusta
458 1418 594 1479 pecuniam
603 1434 657 1479 quse
663 1424 794 1483 petebatur
802 1428 911 1491 juberet.

16 1478 71 1547 laque
80 1488 134 1536 finis
145 1490 203 1546 rei,
214 1504 245 1535 ex
255 1487 304 1551 qul
314 1502 396 1549 neque
406 1484 464 1534 Piso
475 1486 612 1550 inglorius,
622 1501 648 1535 et
657 1491 738 1541 Cesar
747 1499 839 1559 nrajme
847 1504 912 1554 lama

16 1550 58 1608 init.
73 1562 193 1611 ceterum
211 1560 360 1626 Urgulaniae
374 1560 495 1624 {potentia
508 1558 575 1607 'adeo
591 1560 674 1611 nimia
690 1566 788 1618 civitati
803 1586 870 1635 erat,
886 1589 916 1627 ut

16 1636 68 1681 lestis
79 1637 106 1683 in
127 1637 202 1685 censi
218 1634 342 1700 quadam,
356 1650 410 1696 qua
426 1631 494 1698 apud
505 1644 622 1686 senatum
640 1640 807 1703 mactabatur,
825 1652 911 1702 venire

16 1702 178 1773 dedignaretur
193 1728 198 1757 :
212 1711 306 1758 missus
318 1720 357 1758 est
367 1720 457 1774 prator
465 1746 474 1769 ,
487 1709 532 1771 qui
548 1708 620 1757 domi
630 1713 816 1788 'interrogarem
830 1741 910 1789 quum

16 1780 106 1844 virgines
118 1783 230 1833 vestales
242 1784 266 1831 in
279 1782 336 1832 loro
348 1794 373 1833 et
383 1780 478 1849 judicio
491 1780 575 1833 audiri
579 1818 588 1847 ,
601 1788 719 1849 quotiens
736 1794 910 1852 testimonium

16 1848 113 1905 licerent
124 1891 130 1911 ‚
145 1866 218 1905 vetus
228 1872 283 1905 mos
293 1854 376 1907 luerit.

37 1926 143 1979 XXXV.
156 1929 206 1979 Res
217 1948 247 1979 eo
256 1927 320 1982 anno
331 1930 441 1999 prolatas
451 1930 520 1983 lund
531 1932 666 1999 referrem,
676 1938 703 1987 ui
711 1944 822 2006 pretium
831 1946 912 2013 leret,

16 1998 50 2049 Cn.
63 2004 165 2053 Pisonis
179 2013 205 2055 et
217 2004 302 2057 Asinii
315 2009 383 2058 Galli
397 2024 473 2075 super
487 2026 520 2058 eo
531 2013 635 2077 negotio
649 2014 763 2066 diversas
774 2028 911 2077 sententiaa

16 2078 119 2129 miscere.¹
129 2076 203 2138 Piso,
226 2098 241 2129 n
252 2098 395 2147 quanquam
412 2080 560 2136 abluturum
575 2103 602 2134 se
616 2087 716 2139 dixerat
731 2094 825 2156 Caesar,
838 2101 871 2147 ob
885 2102 912 2151 id

16 2150 80 2211 magis
88 2150 198 2215 agendae
209 2147 347 2211 c'ensebnt,
358 2167 383 2204 et
392 2156 497 2206 absente
506 2158 621 2225 principe
633 2196 640 2217 ,
655 2157 770 2214 senatum
780 2181 807 2217 at
816 2174 914 2235 equites

16 2216 74 2287 posse
88 2230 134 2272 sita
148 2228 234 2275 munia
247 2230 386 2290 sustinere,
399 2229 521 2281 decorum
537 2232 685 2298 reipublice
701 2234 756 2289 lore
766 2258 791 2289 u.
808 2242 912 2303 Gallus,

17 2295 60 2351 quia
70 2298 182 2362 speciem
191 2300 317 2367 libertatis
327 2302 385 2353 Piso
393 2318 547 2372 praeeperat
556 2342 563 2365 ‚
573 2307 661 2357 anihil
673 2312 732 2359 satis
742 2314 854 2375 illustre,
871 2331 916 2370 aut

18 2382 40 2415 et
51 2370 171 2437 dignitate
188 2377 277 2443 populi
295 2376 416 2443 llotnani,
431 2383 481 2429 nisi
494 2398 582 2429 eoram
596 2394 623 2430 et
638 2385 686 2431 tub
699 2388 779 2437 ooulla
792 2390 916 2443 Caesnrist

17 2441 83 2508 tique
94 2462 248 2501 contentum
260 2444 357 2511 ltalia,
367 2463 393 2497 et
401 2452 434 2498 ad
444 2454 547 2501 fluentis
554 2456 709 2517 provincias,
717 2465 853 2522 presentia
864 2465 918 2526 eius

18 2520 145 2570 remandas
155 2522 262 2573 dicebat.
271 2522 403 2573 Audiente
411 2522 462 2571 luee
469 2523 575 2573 Tiberin
584 2540 613 2573 ac
621 2525 726 2589 silente,
736 2534 834 2597 magnis
841 2539 918 2588 utrin-

18 2600 55 2648 que
65 2598 269 2645 contentionibus
282 2608 337 2645 aeta
349 2615 357 2663 ς
374 2595 419 2645 sed
431 2611 470 2645 res
481 2595 576 2648 dilata.
792 2605 794 2608 '

41 2664 159 2729 XXXVI.
174 2671 207 2721 Et
217 2682 349 2720 certarnen
365 2671 439 2721 Gallo
453 2672 573 2722 adversus
586 2673 709 2729 Caesarem
725 2691 842 2733 exortum
858 2698 916 2740 est:
948 2701 954 2718 ¹

20 2746 64 2785 latu
75 2744 170 2791 censuit
184 2745 230 2793 nin
242 2744 446 2807 quinquennium
457 2747 652 2812 magistratuum
663 2753 768 2804 comitia
780 2756 917 2811 habendas

16 2820 81 2874 ¹ttque
90 2817 220 2883 legionum
233 2818 309 2883 legati
320 2857 326 2881 ,
338 2821 452 2884 quiante
464 2834 599 2887 praeturam
609 2824 638 2873 esi
650 2827 744 2878 mittut
756 2831 917 2899 fungebatur,

21 2878 112 2943 jamtum
119 2904 237 2957 pretores
244 2892 430 2944 destinarentur
439 2912 445 2943 τ
453 2896 570 2964 princeps
578 2898 713 2952 duodecim
722 2906 883 2969 candidatos,
889 2912 918 2961 iu

21 2964 86 3009 rnnss'
93 2966 208 3031 singulos
215 2968 379 3017 :nominaret
395 2968 471 3019 Haud
482 2969 590 3035 dubium
606 2988 673 3036 erat,
691 2996 748 3041 earn
765 2988 917 3035 sententiam

23 3029 82 3083 altius
93 3051 243 3102 penetrare,
259 3052 283 3089 et
295 3058 385 3091 arcana
398 3043 499 3109 imperii
509 3051 609 3097 tentari.
620 3052 740 3104 Tiberius
750 3068 834 3109 tamen
846 3053 919 3124 quasi

24 3120 138 3171 augeretur
150 3120 264 3183 potestas
274 3115 339 3181 ejus,
351 3118 490 3171 disseruit:
503 3123 612 3183 §Grave
623 3127 796 3181 moderationi
804 3151 868 3190 suae,
880 3143 924 3181 tot.

24 3179 112 3247 digere,
125 3200 164 3236 tot
181 3189 282 3239 differre
294 3208 301 3240 t
320 3194 361 3241 vix
380 3210 425 3261 per
439 3196 554 3261 singulos
566 3215 645 3248 annos
663 3201 813 3267 ollensiones
828 3205 918 3265 vitari,

25 3266 121 3315 quanvis
134 3266 263 3330 repulsam
274 3268 416 3335 propinqua
428 3285 484 3336 spes
496 3273 592 3321 soletur
603 3278 743 3339 :quantiam
756 3277 809 3325 odii
820 3274 874 3323 lore
885 3276 918 3323 ab

25 3322 63 3392 lit,
76 3336 199 3400 quintus
212 3338 414 3405 quinquennium
423 3343 616 3411 projiciantur!
634 3348 700 3410 unde
716 3347 830 3413 prospici
845 3360 920 3409 poste
