2100 3709
301 10 689 56 arsrorrssosssrs.rr.
783 58 785 63 ,
905 4 954 74 577

7 111 94 150 mum
105 93 309 165 adsurgentem
319 136 326 158 ,
336 101 468 150 infirmitas
480 97 606 149 tardabat.
616 97 702 164 Longe
715 96 762 148 alia
773 98 954 164 proficiscentis

13 188 50 223 cx
59 175 136 223 urbe
148 173 307 224 Germanici
319 172 442 240 exercitis
456 174 553 240 species
563 190 569 222 ι
580 189 632 222 non
645 175 716 236 vigor
726 171 874 238 corporibus
885 210 892 233 ,
903 189 957 236 non

14 245 105 295 ardor
117 247 227 297 animis
238 265 244 295 :
256 249 354 296 lentum
364 259 390 296 et
399 263 486 297 rarum
494 262 601 313 agmen,
612 247 680 296 ssusa
689 262 774 305 arma,
787 261 874 310 segnes
885 247 957 314 eqni:

15 322 181 393 impatienp
196 324 272 382 solis,
291 324 418 389 pulveris,
434 313 616 389 tempestaium
627 341 634 388 3
647 333 821 386 quantumque
834 321 910 372 hebes
923 321 957 372 ad

18 393 231 444 sustinendum
242 395 355 445 laborem
363 395 454 460 miles,
464 393 536 444 tantd
548 394 580 443 ad
591 393 731 444 discordias
743 395 896 460 promptior.
908 395 958 449 Ac-
977 421 982 428 ·

18 468 148 518 cedebat
159 467 219 516 buc
227 470 329 519 Casinas
340 470 445 519 ambitio
459 481 543 529 vetos,
552 480 639 535 torpor
649 483 752 526 recens,
762 466 840 516 nimia
851 466 958 520 fortuna
997 513 998 518 ,

19 539 210 606 indulgentia
221 541 299 590 soluli
314 542 341 590 in
354 542 444 590 luxum
456 559 462 590 :
473 557 517 592 seu
529 540 660 608 perfidiam
676 539 811 599 meditato,
822 539 959 608 infringere

22 613 175 667 exercitiis
201 615 323 666 virtutem
342 618 410 666 inter
426 628 492 666 artes
508 627 572 665 evat,
588 613 724 664 Credidere
735 613 865 680 plerique,
877 615 961 670 Flavii

22 687 126 736 Sabini
141 689 265 738 consiliis
277 706 426 740 concussam
438 692 540 740 cacinae
549 700 676 746 mentem,
687 688 804 738 ministro
812 704 959 742 sermonum

23 761 141 808 Rubrio
158 761 255 822 Gallo,
267 773 343 813 (irata
351 763 420 829 apud
430 764 611 829 Vespasianum
621 761 675 810 sors
683 773 755 828 pacta
764 761 940 810 transitionis»
951 779 958 812 τ

26 835 119 891 simui
130 835 260 885 odiorum
269 837 420 901 invidiaque
430 855 488 904 erga
496 839 606 887 Fabium
618 837 751 888 Valentem
764 835 958 893 admonebatur,
1009 861 1012 867 ·

27 924 45 956 <s
53 919 87 956 ut
98 908 194 974 impar
209 909 277 976 apud
287 912 436 977 Vitellium,
451 913 560 979 gratiam
573 912 689 996 viresque
700 909 766 978 apud
777 925 872 962 novum
885 909 959 1022 prin·-

30 982 124 1048 cipem
134 995 274 1046 pararetis.
324 994 327 997 '

68 1050 102 1100 0.
118 1050 226 1098 Gracina
238 1050 373 1116 complexu
381 1049 470 1097 Vitelli
479 1051 561 1099 multo
572 1048 734 1099 curnlronore
744 1049 885 1116 digressus,
897 1018 960 1110 par'·

31 1131 91 1169 tem
109 1122 238 1184 equitnm
250 1121 281 1170 ad
296 1119 468 1186 occupandam
480 1123 634 1170 Cremonam
650 1122 785 1187 praemisit:
798 1137 859 1170 mox
875 1119 959 1168 vexil-

32 1191 331 1256 lariiquartaedecimae,
351 1191 565 1239 etsextaedecimae
581 1193 726 1255 legionum3
739 1190 799 1239 dein
811 1191 913 1254 quinta,
931 1201 959 1240 et

35 1262 251 1313 duoetvicesisna
266 1275 373 1313 secutae:
390 1274 520 1328 postremo
534 1263 634 1328 agmine
647 1264 842 1311 unoetvicesima
859 1259 959 1328 Rapax,

36 1349 66 1386 et
77 1337 175 1402 prima
186 1337 273 1386 Italica
289 1334 429 1394 incessere,
443 1352 502 1384 curn
519 1334 658 1384 vexillariis
670 1335 747 1382 trium
757 1334 960 1384 Britannicarum

37 1411 199 1475 legionum,
215 1423 241 1459 et
258 1410 346 1463 electis
364 1407 472 1458 auxiliis.
489 1408 608 1457 Profecto
625 1406 734 1472 Canini,
750 1409 849 1472 scripsit
867 1408 960 1459 Fabius

37 1483 146 1536 Valens
159 1485 298 1543 exercitui,
307 1498 382 1547 quem
395 1483 448 1548 ipse
461 1481 622 1532 ductaverat:
635 1492 682 1530 aut
691 1481 717 1529 in
726 1481 817 1530 itinere
828 1481 958 1546 opperire·

42 1567 106 1621 tur;
123 1557 164 1604 sic
177 1557 225 1605 sibi
234 1573 293 1606 cum
306 1555 404 1608 cecini
415 1555 596 1618 convenisses,
613 1556 657 1620 qui
667 1571 791 1622 presens,
800 1553 879 1618 abque
892 1553 959 1602 vali·
974 1563 992 1581 ·

40 1628 117 1690 dior,
141 1629 329 1678 «immutatum
349 1627 376 1677 id
396 1629 554 1679 consilium»
578 1630 665 1694 finxit,
682 1639 730 1679 uut
747 1629 874 1692 ingruenti
890 1627 960 1676 bello

38 1702 98 1752 totis
110 1703 187 1755 mole
200 1695 384 1752 occurreretur,
396 1702 435 1751 I'ta
451 1702 615 1754 adcelerare»
626 1703 739 1768 legiones
756 1719 770 1751 (ι
779 1702 960 1766 Cremonamu,

41 1791 103 1842 pars
120 1775 284 1827 «Hostiliam
296 1788 405 1843 peteres
418 1775 490 1839 jussae
502 1797 508 1825 :
521 1777 576 1844 ipse
595 1775 739 1827 Ravennam
755 1776 880 1834 devertit,
893 1793 962 1842 prse-

43 1860 120 1899 texto
135 1849 244 1899 classem
260 1849 434 1916 adloquendi:
450 1867 510 1901 mox
530 1851 629 1901 Patavii
646 1861 771 1900 secretam
783 1849 962 1918 componenda

43 1921 205 1990 proditionis
219 1925 363 1989 quesitum.
377 1925 493 1989 Namque
507 1925 621 1975 Lucilius
636 1925 742 1984 bassus,
757 1937 816 1992 post
828 1923 962 1990 praefectu-

47 2013 106 2046 ram
116 1997 178 2055 alae,
189 1997 332 2046 Ravennati
338 1997 421 2058 ‚simul
432 2013 462 2044 ac
473 1997 612 2046 Misenensi
624 1999 745 2047 classibus
755 1998 769 2046 ai
779 2000 882 2048 Vitellio
894 1999 962 2065 prae-

46 2071 169 2155 positus,
184 2069 255 2136 quod
266 2087 317 2118 non
339 2069 424 2117 statim
441 2069 616 2134 prefecturam
629 2072 740 2134 pretorii
756 2071 861 2136 adeptus
875 2074 961 2154 foret,

48 2144 168 2209 iniquam
178 2142 333 2193 iracundiam
342 2140 466 2206 flagitiosi
475 2140 581 2208 perfidia
592 2141 776 2203 ulciscebatur
790 2159 835 2191 nce
845 2145 902 2193 sciri
914 2162 962 2229 po·

45 2228 120 2282 test‚
131 2219 270 2268 traxeritne
280 2217 419 2275 caenam
432 2233 463 2266 an
466 2215 562 2285 lquod
575 2226 660 2267 evenit
671 2227 736 2266 inter
746 2217 841 2276 malos
852 2229 881 2267 ut
893 2219 962 2268 etat

50 2291 128 2340 miles
139 2289 207 2356 sint)
218 2288 306 2338 eadem
317 2289 377 2339 illos
387 2290 498 2356 pravitas
508 2289 649 2356 impulerit.

85 2384 130 2433 ct.
142 2382 284 2449 Scriptores
297 2393 456 2447 temporum,
466 2385 527 2447 qui,
543 2383 657 2449 potiente
669 2400 754 2444 rerum
768 2381 857 2434 Flavia
870 2385 961 2446 domo,

54 2467 223 2506 monumenta
233 2455 295 2505 belli
305 2453 410 2518 hujusce
424 2467 639 2540 composuerunt,
650 2473 755 2507 «curam
769 2459 837 2521 pacis
850 2465 876 2506 ct
886 2474 961 2506 amo-

56 2545 112 2580 rem
124 2528 291 2595 reipublice»
303 2540 436 2594 corruptas
450 2529 475 2578 in
487 2529 663 2581 adulationem
677 2549 690 2580 ιι
697 2547 815 2586 causan
827 2529 980 2589 tradidere.A
1022 2548 1026 2552 ’

55 2605 153 2665 Nobis,
165 2620 241 2669 super
255 2603 357 2652 mertam
367 2604 509 2666 levitatem
528 2617 570 2665 et,
587 2607 691 2680 prodito
707 2605 800 2668 Galba,
814 2607 891 2653 vilem
903 2621 964 2654 mox

54 2677 148 2741 fidem,
161 2677 320 2726 emulatione
332 2677 410 2726 etiam
422 2642 584 2744 invidiaque,
598 2698 629 2730 ne
639 2681 669 2728 ab
682 2681 737 2728 aliis
747 2679 815 2744 apud
826 2678 972 2740 Vitellium

59 2753 212 2817 anteiremr,
222 2753 372 2818 pervertisse
384 2755 466 2825 ipsam
473 2754 609 2805 Vitellium
620 2754 730 2804 videtur.
742 2753 838 2804 Caecina
851 2753 964 2820 legiones

61 2826 209 2883 adsecutus,
221 2825 400 2876 centurionum
409 2827 569 2891 militumque
580 2831 692 2887 animos,
703 2829 843 2878 obstinatos
857 2844 902 2894 pro
915 2829 965 2876 Vi-

64 2900 152 2963 tellio,
163 2899 242 2948 variis
251 2898 347 2948 artibus
358 2899 510 2950 subruebat:
522 2901 597 2950 Basso
607 2901 693 2952 eadem
702 2902 906 2952 molientiminor
914 2899 966 2950 dif-

70 2973 148 3023 cnltas
163 2982 229 3034 erat,
246 2974 345 3024 lubrici
361 2975 393 3024 ed
408 2977 555 3031 mutandam
570 2977 647 3032 fidem
660 2981 774 3054 classe,
765 2979 798 3034 ob
815 2975 966 3032 memoriam

67 3047 172 3099 recentis
183 3063 229 3116 pro
243 3047 345 3144 Othone
356 3049 462 3104 militia.
