2100 3709
89 83 136 150 196
400 93 426 131 c.
446 93 540 130 conr.
562 74 677 130 rsorrr

88 177 239 232 stationem,
252 189 304 224 non
316 173 415 239 vigilias
431 175 550 238 inissent,
563 174 658 222 vallum
670 172 813 238 fomemque
820 209 829 239 ,
842 175 916 240 qussi
928 189 1014 224 nove

88 263 114 300 et
125 251 203 310 mira,
218 250 340 313 viserent,
352 250 404 298 sine
418 249 510 314 galeis,
529 251 584 297 sine
596 249 699 306 loricis,
711 247 786 297 nitidi
799 261 826 298 et
842 250 1006 314 questuosi,

88 323 180 392 militiis
191 339 235 388 per
247 321 339 394 oppida
354 323 462 388 expleti.
479 322 560 388 Igitur
570 323 696 380 dimissis,
713 322 810 386 quibus
819 336 940 385 senecta,
951 337 1011 373 aut

89 395 208 446 valetudo
224 395 328 448 adverse
337 407 403 454 erat,
414 395 618 460 supplementum
629 395 731 460 petivit.
741 394 775 442 Et
785 394 866 447 babiti
874 413 922 462 per
932 398 1010 447 Cili-

89 469 154 522 ciam
167 488 196 518 nc
212 469 397 536 Cappadociam
414 469 537 522 delectus·
552 469 708 537 Adiectaque
720 487 753 520 ex
765 470 902 519 Germanid
913 472 1003 536 legio,

89 563 148 596 curn
161 539 287 609 equitibus
296 544 392 604 alariis,
403 556 428 612 et
437 543 551 610 peditatu
560 545 704 596 cohortium
715 562 722 592 z
733 557 901 609 retentusque
913 547 1009 594 omnis

90 621 215 672 exereitus
233 618 279 667 sub
294 616 417 681 pellibus,
435 619 552 680 quamvis
568 618 651 666 hieme
664 616 728 665 seul
742 616 822 682 adeo,
842 629 871 665 ut
884 617 1009 668 obducsn
1039 655 1041 710 ,

88 693 182 760 glacie,
192 690 240 746 nisi
250 687 337 736 effossa
347 687 438 738 humus
451 691 567 738 tentoriis
575 689 660 738 locum
669 706 722 737 nou
731 690 863 754 praeberet.
875 688 1006 740 Ambusti
1039 744 1041 750 λ

88 765 229 820 multorurlr
240 773 309 812 artus
320 763 345 810 ri
359 761 459 828 lrigoris
466 795 475 821 ,
491 763 632 828 etquidem
643 765 710 812 inter
725 763 843 811 excubias
856 764 1007 812 exanimati
1039 809 1041 816 ‚

89 851 157 890 sunt.
165 837 356 900 Adnotatusque
366 837 452 898 miles,
463 839 507 902 qui
516 836 609 886 lancem
618 837 745 900 lignorum
753 837 880 900 gestabat,
890 839 928 886 ita
935 853 1005 903 pree-
1039 837 1041 884 ζ

88 915 194 978 riguisse
206 927 309 971 manus,
324 921 353 957 ut
363 913 436 960 oneri
453 910 622 973 adhaerentes,
637 910 735 959 truncis
754 908 877 968 brachiis,
888 909 1005 958 decide-

87 996 155 1032 rent.
174 985 231 1048 lpse
243 982 315 1030 cultu
333 983 401 1040 leri,
413 985 496 1049 cupite
506 984 610 1045 intecto
621 1019 629 1040 ,
640 982 669 1031 in
680 982 792 1046 agmine,
809 982 834 1031 in
846 981 1003 1040 laboribus,

87 1053 207 1119 frequens
216 1053 302 1102 edesse
312 1071 317 1100 :
328 1054 430 1108 laudem
440 1058 561 1118 strenuis,
577 1055 695 1104 solatium
705 1052 837 1115 invalidis,
847 1056 1003 1120 exemplum
1039 1104 1040 1109 ,

89 1123 358 1182 omnibusostenilere.
371 1125 486 1190 Dehinc,
500 1129 559 1192 quia
569 1126 691 1178 duritiam
699 1127 755 1177 coeli
764 1125 910 1189 militiaque
920 1128 1003 1176 multi

88 1201 249 1259 abnuebant,
265 1197 475 1264 deserebautque‚
493 1200 634 1252 remedium
649 1201 782 1250 severitate
798 1202 933 1265 quaesitum
947 1213 1002 1249 est.

88 1273 145 1323 Nec
157 1274 225 1326 eninr
236 1310 243 1332 ,
260 1273 325 1330 utin
335 1273 390 1324 aliis
402 1274 567 1333 exercitibus,
581 1276 693 1342 primum
704 1271 861 1334 alterumque
872 1269 1001 1320 delictum

89 1347 164 1396 venis
175 1347 387 1412 prosequebatur,
401 1348 445 1396 serl
454 1349 497 1412 qui
507 1349 578 1414 signa
587 1349 736 1412 reliquerat,
749 1345 835 1393 statim
845 1346 931 1410 eapite
939 1362 1003 1410 pas-

88 1419 135 1473 u'ss
149 1421 244 1470 luebat.
257 1420 338 1487 quue
356 1442 403 1474 usu
414 1424 513 1474 salubre
529 1435 556 1472 et
566 1419 740 1473 misericordi&
755 1421 846 1469 melius
860 1422 1000 1485 apparuit:

89 1498 183 1563 quippe
194 1498 325 1564 pauciores
334 1499 378 1556 ille
389 1513 469 1555 castra
484 1498 630 1559 deseruere,
641 1497 718 1562 quim
727 1513 757 1545 ea
767 1497 794 1545 in
804 1493 897 1559 quibus
906 1496 1002 1561 ignos-

90 1574 202 1622 sebatur.

73 1674 76 1684 ·
123 1643 245 1692 XXXVI.
266 1644 372 1694 Interim
391 1643 517 1704 Corbulo,
536 1643 681 1707 legionibus
697 1641 764 1690 intre
782 1653 866 1692 cestra
886 1641 1003 1700 habitis,

90 1713 172 1762 donec
187 1730 231 1761 ver
247 1713 416 1776 adolesceret,
431 1714 608 1781 dispositisque
619 1715 781 1784 peridoneus
795 1714 868 1764 locos
881 1715 1002 1766 cohorti-

90 1787 138 1836 bus
150 1786 307 1845 auxiliariis,
321 1802 352 1832 ne
367 1796 482 1850 pugnam
501 1790 599 1852 priores
613 1786 750 1843 auderent,
765 1786 885 1851 prodicit.
903 1789 1001 1838 Curam

89 1855 358 1923 praesidiorumPactio
369 1859 487 1922 Orphito,
494 1861 618 1925 primipili
626 1859 722 1908 honore
729 1860 873 1926 perfuncto,
882 1861 1001 1922 mandes,

56 1982 60 1992 Χ
89 1933 115 1981 Is
125 1933 268 1994 quanquam
275 1931 530 1992 incentorem-beros,
541 1946 566 1982 et
575 1933 762 2000 benegerenda
769 1936 808 1983 rei
816 1951 903 1985 cesum
911 1935 1001 1986 offerri

89 2006 235 2070 scripserat,
256 2017 362 2056 <itenere
374 2025 399 2057 se
411 2012 586 2072 munimentis,
598 2025 624 2063 et
641 2012 846 2078 maiorescopias
861 2013 999 2077 opperiris

89 2079 201 2143 jubetur.
211 2076 260 2126 Sed
271 2090 347 2144 rupto
358 2081 466 2148 imperio
476 2121 483 2144 ,
493 2098 630 2154 postquam
638 2086 744 2154 pauses
758 2086 882 2152 proximis
887 2086 1002 2136 miultis

91 2164 180 2200 turmae
192 2149 361 2220 advenerant,
377 2173 539 2226 pugnamque
550 2159 677 2228 imperitiai
686 2161 838 2226 poscebant,
849 2174 1001 2224 congressus

90 2242 149 2274 cum
159 2224 231 2275 hoste
243 2224 366 2286 funditur.
373 2231 409 2281 -Et
418 2230 511 2284 detuno
521 2234 579 2300 ejus,
584 2235 716 2295 exterriti,
729 2234 773 2297 qui
781 2231 922 2282 subsidium
931 2231 1001 2281 ferre

92 2299 232 2356 debuerunt
241 2337 248 2359 ,
257 2318 302 2354 sua
312 2304 416 2369 quisque
428 2306 455 2358 in
466 2307 661 2374 castra-trepidi
669 2308 727 2373 ingl
736 2305 843 2361 rediere,
854 2305 931 2368 Quod
939 2321 1002 2370 gra·
1023 2362 1026 2371 Ι

92 2373 159 2426 riter
180 2373 293 2428 Corbulo
311 2379 426 2444 accepit:
447 2382 648 2448 increpitumque
665 2379 796 2437 Pactium,
813 2391 839 2428 et
853 2377 1000 2447 prefectos,

91 2448 236 2513 militesque
247 2453 356 2506 rendere
366 2473 459 2508 omnes
470 2466 550 2508 extra
561 2455 667 2509 vallum
679 2453 765 2518 jussit:
779 2456 854 2520 inque
863 2453 892 2503 eal
902 2467 1002 2504 contu·

93 2521 168 2574 metit
178 2519 290 2584 detenti,
301 2541 346 2574 uec
358 2529 408 2578 uisi
418 2530 537 2594 precibus
548 2527 661 2577 universi
671 2527 797 2576 exercitus
805 2528 916 2576 exsoluti
929 2539 1000 2578 eunt.

127 2595 262 2645 XXXVII.
278 2598 314 2646 At
324 2601 449 2656 Tiridates
458 2617 535 2666 super
542 2602 658 2665 proprias
667 2600 797 2648 clientelas
806 2637 812 2657 ‚
821 2615 871 2664 ope
880 2599 1002 2666 Vologesi

91 2664 176 2720 fratris
189 2667 290 2730 adjutus
303 2706 309 2727 ,
320 2688 371 2720 uon
382 2676 471 2722 lirrtim
484 2675 534 2736 ism
548 2709 555 2731 ,
568 2674 614 2721 sed
626 2672 711 2737 pallam
724 2673 795 2721 bello
812 2673 937 2722 infensare
947 2673 1001 2724 Ar·

92 2740 217 2798 meolam,
236 2754 349 2806 quosque
364 2743 430 2807 ,lidos
443 2746 519 2795 nobis
536 2745 640 2793 rebatur
659 2743 822 2809 depopulari3
840 2756 867 2792 et
880 2747 905 2793 si
922 2750 1000 2814 copias

93 2813 183 2864 count
196 2813 362 2880 ducerentur,
376 2819 478 2870 eludere
489 2840 495 2887 5
507 2821 557 2870 huc
568 2836 667 2885 quoque
681 2832 708 2868 et
718 2820 780 2893 illuc
789 2820 913 2883 volitans,
925 2825 999 2891 plute

92 2884 159 2950 femi
169 2885 245 2950 quiem
258 2891 342 2954 pugusi
353 2903 489 2944 exterrere.
501 2896 581 2962 Igitur
592 2888 719 2958 Corbulo,
732 2896 837 2961 quaesito
846 2894 890 2944 diu
897 2894 999 2964 prelio,

93 2957 186 3009 frustrir
197 2957 311 3025 habitus,
321 2975 346 3012 et
358 2967 475 3032 exemplo
483 2966 597 3016 hostium
608 2966 771 3017 circumferre
780 2967 877 3016 bellum
883 2983 1000 3032 coactus,

71 3097 73 3105 y
94 3033 213 3106 dispartit
222 3033 305 3094 vires,
319 3046 348 3084 ut
357 3036 432 3104 legati
441 3039 600 3109 prefectique
612 3041 724 3092 diversos
736 3032 808 3091 locos
817 3044 914 3108 ,pariter
924 3045 998 3094 iura·

96 3107 194 3156 derent-
207 3105 289 3155 Simul
299 3123 384 3174 regem
394 3110 551 3164 Antiochum
559 3127 662 3174 monet,
672 3118 813 3187 proximos
821 3117 997 3185 sibipreefec·

96 3197 173 3242 turus
185 3193 283 3256 petere·
297 3176 363 3232 Nom
382 3183 578 3250 Pharasmanes,
596 3189 728 3240 interfecto
745 3191 798 3239 lilio
807 3189 995 3256 ¹Ilhadsrnisto,

57 3277 64 3290 ‘
117 3265 178 3314 nasi
185 3260 322 3325 proditore
333 3262 391 3320 sul,
400 3264 450 3327 qub
462 3265 538 3314 fidem
547 3266 576 3314 in
585 3282 631 3315 nos
641 3278 775 3316 testaretur
784 3301 791 3325 ,
799 3277 872 3313 retus
881 3264 996 3314 adversus

96 3281 232 3414 dqrneoips
244 3332 332 3384 odium
350 3339 492 3407 promptius
505 3341 649 3392 exercebat.
662 3339 785 3412 Tuncque
793 3337 905 3406 primsiru
920 3341 994 3397 illecti
