2100 3709
78 23 129 80 420
396 33 421 70 c.
442 31 536 70 conr.
553 28 672 80 ructus

78 122 210 173 Virtutem
222 114 356 184 proprium
374 110 509 162 bominum
524 113 631 162 bonum.
648 115 717 164 Deos
727 110 880 168 fortioribus
903 113 1016 168 adesse.

79 193 193 245 Proinde
212 194 355 259 arriperent
373 190 446 238 vacui
465 201 617 255 occupatos,
635 189 727 256 integri
746 189 824 242 sessos
844 209 860 242 :·
872 190 952 240 dum
973 191 1015 240 alii

79 267 280 333 Vespasianum,
297 265 341 314 alii
363 263 497 313 Vitellium
516 262 635 324 foveant,
657 277 745 332 patere
766 265 853 316 locum
874 263 1012 316 adsersus

82 352 220 404 utrumque
230 357 256 388 o.
564 383 568 408 ,
827 407 829 410 Ι

113 411 215 464 XVIII.
238 413 279 462 Sic
297 411 324 460 in
344 411 442 463 Gallias
463 412 663 477 Germaniasque
682 411 807 477 intentus,
826 413 850 462 ai
869 409 1013 462 destinata

80 487 271 554 provenissent,
287 483 500 537 validissimarum
513 485 746 550 ditissimarumque
761 487 901 536 nationum
925 500 1011 548 regno

82 561 242 610 imminebat.
259 558 295 609 at
311 557 418 608 Flaccus
430 559 595 610 Hordeonius
612 561 708 626 primos
725 561 815 610 Civilis
825 557 952 610 conatus
966 573 1011 623 per

78 633 311 685 dissimulationem
322 633 395 682 aluit.
407 633 460 682 Ubi
471 651 488 682 u
495 644 638 700 expugnata
647 645 746 697 castra,
757 633 853 688 deletas
862 631 1010 690 cohortes,

81 710 185 776 pulsnm
199 710 354 759 batavorum
365 709 448 760 inauli
459 713 605 760 Romanum
614 726 743 771 nomena,
758 709 850 776 trepidi
860 707 960 761 nuntii
972 704 1010 752 al·
1036 773 1037 784 ἵ

81 784 212 848 ferebant3
227 783 382 832 Mummium
400 784 559 851 Lupercum,
576 784 688 849 legatum
701 784 734 850 (ia
745 783 852 834 duarum
863 781 1008 846 legionum

82 855 195 907 bibernis
210 853 338 922 praeerat),
356 858 449 925 egredi
459 858 701 910 adorandorum
714 856 792 918 iubet.
806 859 949 922 Lupercus
963 853 1009 908 ‚lev

83 930 235 995 gionariotd
246 931 426 996 presentibus,
438 930 544 991 Ubioab
559 932 697 998 proximis,
713 931 883 978 Treverorum
898 928 1008 992 equites

81 1004 152 1056 baud
167 1005 241 1072 longi
253 1016 370 1071 agentes,
387 1005 481 1071 raptim
502 1007 655 1067 transmisit,
673 1005 758 1056 addus
773 1006 933 1054 Batavorum
947 1001 1006 1060 alal,

81 1097 136 1146 quae
146 1080 195 1146 jam
205 1078 307 1145 pridem
316 1091 450 1147 corrupta,
465 1078 543 1128 iidem
551 1080 702 1140 simulabat,
713 1091 755 1136 ut.
773 1077 883 1144 proditis
897 1077 928 1124 in
949 1074 1005 1142 ipsi

82 1155 137 1203 acie
153 1153 288 1212 RomanIs,
304 1153 401 1216 maiore
418 1156 501 1220 pretio
517 1152 624 1219 lugeret.
641 1154 741 1212 Civilis,
759 1148 1008 1219 captarumooborff

82 1229 149 1277 tlum
161 1228 240 1292 signis
251 1227 439 1287 circumdatus,
449 1240 478 1277 ut
486 1244 534 1283 suo
543 1227 620 1276 militi
628 1241 716 1276 recens
726 1227 805 1291 gloria
821 1237 881 1274 ante
891 1224 1004 1279 oculos,

82 1313 110 1351 et
120 1301 205 1354 bostes
217 1302 340 1352 meritorii
350 1302 429 1352 cladis
440 1308 613 1362 terrerentur,
621 1313 728 1360 matrem
743 1317 814 1348 suam
826 1303 1000 1362 sororesque,
1036 1345 1037 1354 ,

81 1376 159 1431 simul
178 1376 294 1449 omniunp
310 1375 429 1441 conjuges
447 1391 590 1441 parvosque
603 1375 713 1434 liberos,
734 1375 872 1422 corrsIstere
892 1372 907 1420 la
924 1384 1000 1440 tergo
1036 1395 1037 1448 p

81 1448 167 1517 jubet5
188 1449 350 1500 hortamenta
370 1447 494 1508 victorie,
514 1449 557 1497 rel
574 1449 652 1515 pulsis
672 1447 807 1515 pudorem.
826 1448 863 1499 Ut
880 1448 999 1500 virorum

82 1537 172 1583 cantu,
186 1523 336 1575 seminarunt
347 1524 461 1579 ululatu,
473 1523 558 1572 sonuit
567 1521 650 1586 aclea,
662 1539 820 1588 nequaquam
830 1538 875 1588 par
888 1521 903 1570 a
913 1523 997 1588 legio·
1036 1521 1037 1526 ’

82 1599 173 1660 nibus,
198 1591 407 1662 cohortibusque
420 1595 536 1646 redditur
561 1597 664 1646 clamor.
689 1596 837 1646 Nudaverat
860 1598 997 1648 sinistrum

48 1714 53 1732 ,
82 1687 163 1721 cornu
174 1674 328 1722 Batavorum
345 1673 385 1720 als
398 1669 578 1735 transfugiens,
596 1671 731 1734 statimque
748 1672 773 1719 in
790 1689 836 1722 nos
850 1687 924 1720 versa
936 1669 998 1721 :sed

81 1745 238 1810 legionarius
253 1745 339 1802 miles,
361 1759 504 1807 quanquam
523 1744 598 1792 rebus
617 1743 737 1808 trepidis,
755 1737 826 1794 arina
843 1745 998 1809 ordinesque

82 1819 218 1868 retinebat.
230 1819 359 1870 Ubiorum
368 1817 589 1880 Treuerorumque
600 1815 709 1874 auxilia,
721 1817 787 1868 loadri
796 1819 853 1884 lugd
867 1819 998 1884 dispersa,

82 1894 143 1942 totis
155 1895 251 1959 campis
263 1894 390 1959 palantur.
408 1891 473 1961 llluc
489 1891 633 1940 incubuere
643 1892 775 1942 Germani.
789 1893 821 1945 Et
833 1893 883 1942 suit
892 1895 998 1944 interim

56 1983 59 1995 ¹
81 1965 203 2032 effugium
215 1965 358 2030 legionibus
368 1968 395 2013 in
409 1973 502 2025 castra,
516 1963 608 2030 quibus
622 1969 649 2016 V
648 1967 751 2020 elerum
768 1984 859 2026 nomen
870 1980 917 2018 eat.
928 1969 998 2018 Psa-

80 2039 160 2088 fectus
169 2040 213 2087 alae
220 2039 383 2100 Batavorum,
394 2039 519 2091 Claudius
528 2037 624 2100 Labeo,
634 2041 909 2108 oppidanocertamine
920 2061 996 2092 armu-

80 2113 264 2175 lus‘Civili,ne
278 2113 428 2164 interfectus
440 2115 565 2165 invidiam
575 2114 643 2180 apud
653 2117 787 2182 populares
795 2154 801 2176 ,
810 2117 851 2166 vel
866 2116 889 2166 ti
897 2119 996 2170 retine·
1036 2161 1037 2168 ,

60 2223 66 2228 -
80 2198 164 2249 retur,
178 2188 273 2236 semina
283 2186 416 2236 discordiae
425 2187 564 2254 praeberet,
576 2189 602 2238 in
612 2188 707 2238 Frisios
719 2189 844 2242 avehitur.

113 2261 186 2310 XIX.
206 2261 298 2310 lisdem
318 2261 422 2325 diebus,
441 2262 596 2312 Batavorum
613 2275 639 2312 et
657 2263 841 2314 Cuninesatium
860 2265 993 2326 cobortes,
1036 2255 1037 2278 ¹

80 2352 160 2401 quum
175 2335 245 2396 jussu
254 2335 355 2386 Vitellii
365 2337 392 2386 in
402 2337 493 2386 urbem
503 2350 652 2404 pergerent,
666 2339 757 2388 missus
768 2337 782 2390 *a
792 2339 876 2390 Civile
887 2343 992 2400 nuntius

81 2409 238 2472 adsequitur.
250 2405 397 2460 Intumudre
410 2413 496 2462 statim
511 2402 637 2479 superbii'
649 2411 806 2478 serocidque,
817 2425 844 2465 et
862 2417 991 2483 oprepium
1036 2401 1037 2460 i

80 2482 176 2534 itineris
186 2520 193 2547 ,
204 2483 370 2549 donativum,
384 2486 480 2552 duplex
493 2487 649 2554 stipendium
660 2524 667 2546 ,
680 2488 766 2552 augeri
776 2489 890 2559 equitum
900 2505 991 2538 nume-

78 2574 177 2619 rumn,
190 2559 314 2623 promissa
325 2554 407 2610 sandei
420 2562 542 2618 Vitellio,
554 2561 731 2628 postulabant,
749 2580 799 2612 non
808 2598 814 2620 ,
823 2575 856 2611 nt
868 2561 990 2628 adseque-
1036 2609 1037 2624 ,

78 2645 182 2690 rentur,
192 2632 237 2681 sed
244 2649 346 2682 causam
355 2635 483 2684 seditioni.
493 2633 526 2684 Et
535 2633 639 2686 Flaccus
649 2638 728 2686 multa
739 2636 902 2687 concedendo
909 2673 916 2697 ,
924 2637 989 2687 nibil
1036 2629 1037 2664 t

80 2704 150 2753 alind
162 2705 286 2766 effecerat,
295 2707 372 2772 quim
380 2720 408 2757 ut
420 2708 502 2758 scriba
512 2723 687 2774 exposcerent,
698 2728 751 2776 quas
759 2710 873 2761 sciebant
883 2724 988 2776 negatu-

80 2794 148 2826 rum.
162 2779 255 2844 Spreto
272 2780 378 2846 Flacco,
391 2781 537 2832 inferiorern
549 2783 855 2850 Germaniam-petivit&
872 2780 900 2834 rit
914 2785 985 2836 Civili

77 2850 255 2918 jungerentur.
271 2857 452 2919 Hordeonius,
468 2858 587 2909 adhibitis
606 2859 715 2908 tribunis
734 2861 982 2926 centurionibusque,

79 2927 251 2987 consultavit,
268 2947 351 2978 unum
372 2933 521 2997 obsequium
534 2933 675 2984 abnuentes
691 2936 716 2984 vi
733 2949 894 2988 coerceretis.
910 2937 981 2996 Mox,

79 3001 155 3052 insita
164 3001 275 3068 ignatii,
292 3016 318 3052 et
335 3005 440 3070 trepidis
454 3009 592 3068 ministrits,
610 3027 673 3074 quos
687 3011 821 3080 ambiguus
836 3013 981 3062 auxiliorum

79 3077 194 3134 animus,
203 3089 229 3125 et
239 3076 324 3127 subito
333 3076 559 3147 delectusnppletae
568 3082 678 3146 legiones
689 3085 824 3150 augebant,
832 3085 917 3134 statuit
924 3102 980 3136 con·

79 3149 161 3197 tinere
172 3149 238 3199 intra
253 3160 332 3199 castra
341 3151 461 3202 militem.
475 3153 546 3204 Dein}
554 3157 700 3219 poenitentil
711 3193 718 3218 ‚
730 3170 755 3206 et
766 3155 925 3223 arguentibus
938 3161 979 3226 ip·

81 3222 115 3269 sis
125 3256 133 3283 ‚
144 3222 187 3284 qui
197 3233 327 3271 suaserant
337 3258 345 3281 ‚
355 3235 475 3288 tanquam
487 3237 632 3292 neuturus,
646 3231 745 3298 scripsit
757 3233 886 3282 Herennio
896 3233 975 3297 Gallo,

76 3291 278 3378 legioubprirne
288 3297 385 3369 legato,
398 3286 441 3369 qui
452 3301 566 3380 Bonnam
580 3295 726 3380 obtinebat,
741 3319 770 3362 ut
782 3321 900 3370 cureret
911 3321 977 3384 traua-v¹
1015 3350 1018 3356 .
