2100 3709
381 85 561 126 stercore.
608 98 611 104 ¹
872 84 923 154 289·

6 165 88 216 lium
101 179 126 216 et
136 165 253 216 solatfum
266 167 341 216 simul
355 187 360 216 :
372 187 430 218 nam
441 171 522 218 filium
533 167 591 218 anti
603 168 729 222 sublatum
739 171 811 222 brevi
823 156 921 228 amitit.

6 241 71 288 Mox
88 243 155 290 inter
166 252 328 304 quaesturam,
340 259 369 290 ac
383 243 540 292 tribunatum
551 243 648 308 plebis,
661 255 736 307 atque
747 245 824 311 etiam
836 249 920 313 ipsum

6 314 157 366 tribunatus
167 331 260 364 anuum
273 306 355 376 quiete
365 327 391 376 et
401 318 452 366 otio
466 317 570 378 transit,
581 333 674 382 guarna
686 318 733 365 rub
744 319 845 368 Nerone
854 333 922 372 nm.

6 405 122 452 porum,
132 388 223 452 quibus
234 388 321 436 inertia
332 406 379 454 pro
390 385 512 455 sapientii
524 389 581 438 suit.
595 389 667 437 idem
677 398 790 454 picturae
802 403 883 456 tenor,
896 407 924 446 ee

6 462 148 508 silentium
159 477 165 508 t
176 477 223 508 nec
236 462 305 508 enim
316 461 458 525 jurisdictio
472 463 619 511 obvenerat.
633 461 731 524 Ludos,
742 473 769 512 et
777 465 860 515 inania
872 469 925 518 bo-

6 539 100 599 noria,
110 536 188 585 modo
197 539 385 602 annuntiatque
394 539 553 590 abundantiae
562 538 642 600 duxit,
654 539 694 586 uti
703 539 776 603 longi
785 539 799 591 d
808 541 921 611 luxurii,

5 613 41 658 ita
57 611 135 659 same
147 613 260 676 propior.
276 611 342 660 Tum
359 613 453 660 elect-ue
467 611 481 660 i
496 613 578 661 Getta
591 611 624 660 ad
638 613 704 660 dona
713 615 868 679 templorum
881 633 926 665 re«
946 658 948 664 .

6 683 202 748 cognoscenda,
213 684 401 750 diligentissimi
411 685 596 750 conquisitione
606 685 680 745 iecit,
693 703 726 735 ne
736 685 807 750 eujus
817 688 923 739 alteriue

6 759 174 822 sacrilegium
185 759 414 824 respublica-quim
430 761 538 810 Neronia
550 761 677 812 sensisset.

37 835 104 881 Vll.
115 833 226 896 Sequens
238 851 317 882 annau
327 837 396 899 gravi
409 835 513 884 vulnere
524 837 637 883 animum
649 834 803 900 domumque
815 835 925 900 ditandi

6 905 74 954 liixit
87 923 95 954 t
107 907 259 954 namclaatie
268 906 424 965 Othoniana,
434 907 540 956 licenter
553 923 629 971 vaga,
642 907 704 955 dum
712 908 853 974 inTemplo
864 909 923 976 (Lt-

6 981 91 1042 guriae
100 994 159 1044 pare
172 978 223 1043 est)
236 979 358 1028 hostiliter
369 979 514 1045 populatur,
526 991 635 1028 matrem
646 978 769 1044 Agricolae
779 982 805 1028 iu
820 983 921 1048 praediis

6 1053 62 1100 auis
73 1051 209 1100 interfecit:
221 1051 361 1116 praediaque
374 1055 427 1116 ipsa
436 1085 443 1110 ,
452 1061 477 1101 er
486 1069 605 1118 magnam
614 1053 762 1118 patrimonii
770 1046 867 1118 partem
879 1057 922 1125 di-

6 1125 109 1189 ripuit,
120 1141 173 1188 quea
188 1139 261 1173 cauea
277 1123 351 1174 cedis
366 1123 454 1173 luerat.
470 1126 552 1190 Igitur
563 1127 595 1174 ad
609 1127 732 1174 solemnia
743 1128 843 1192 pictatia
856 1147 921 1195 pro-

6 1197 91 1247 iectus
99 1196 229 1262 Agricola,
237 1197 328 1245 nuntio
335 1195 463 1244 affectanti
470 1201 625 1262 Vespasiano
632 1199 732 1264 imperii
738 1199 924 1264 deprehensus,

8 1273 139 1321 aestatim
152 1272 177 1320 in
189 1283 272 1336 partes
284 1283 451 1334 transgressui
464 1282 509 1318 eet.
523 1273 598 1318 Initia
609 1273 778 1336 principalius,
790 1291 818 1322 ac
826 1287 929 1326 etatum¹

7 1348 82 1394 urhis
96 1346 231 1394 Muciauue
243 1345 361 1406 regebat,
374 1341 511 1390 admodum
525 1344 615 1404 iuvene
625 1344 786 1403 Domitiano,
798 1359 824 1395 et
834 1365 865 1394 ex
874 1366 923 1412 pn.

6 1419 82 1468 terni
94 1417 198 1468 fortuni
212 1416 310 1464 tantiam
321 1417 452 1462 licentiam
461 1427 607 1482 usurpante.
617 1414 643 1463 Ie
653 1417 758 1465 uriarum
769 1417 801 1464 ad
808 1419 922 1471 delectur
974 1418 976 1421 ’

7 1491 121 1555 agendos
136 1489 296 1552 Agricolam,
314 1483 459 1551 integrique
476 1505 505 1534 ac
519 1488 622 1551 strenui
637 1488 781 1544 versatum,
794 1492 923 1539 vicesimae

7 1565 119 1628 legioni,
135 1561 208 1610 tarde
223 1560 255 1607 ad
270 1571 456 1608 sacramentum
471 1572 644 1624 transgressae,
656 1562 804 1625 praeposuit,
817 1563 862 1610 ubi
872 1565 923 1612 de-

6 1653 92 1688 cessor
107 1634 226 1695 seditioni
242 1649 314 1698 agere
329 1634 493 1685 narraberunt
507 1635 702 1700 quippeieg'atis
713 1650 814 1700 quoque
826 1653 921 1685 musu-

6 1711 104 1762 laribus
112 1711 190 1760 nimia
201 1723 230 1756 ac
242 1703 406 1768 formidolosa
418 1718 480 1754 erat.
490 1708 543 1756 Nec
552 1709 647 1770 legatus
659 1709 791 1772 pretorius
802 1710 834 1757 ad
846 1711 920 1760 colai-

8 1786 124 1834 bendum
135 1794 238 1850 potent,
250 1782 374 1828 incertum
385 1797 433 1828 suo
442 1797 474 1827 an
487 1782 600 1828 militum
613 1783 714 1846 ingenio
725 1801 731 1830 ;
742 1783 778 1830 ita
791 1800 919 1836 successor

7 1862 84 1918 timul
97 1870 124 1907 et
135 1856 204 1904 ultor
216 1851 321 1911 electus,
337 1852 464 1902 rarissimi
475 1851 666 1912 moderatione,
679 1855 769 1904 maluit
780 1855 861 1906 rideri
875 1859 918 1909 ine

7 1937 109 1992 venisse
120 1931 203 1978 bonos
210 1963 218 1986 ,
229 1925 305 1992 quim
321 1926 418 1976 iecisse.

38 2007 113 2056 Vlll.
122 2005 230 2052 Praeerat
240 2012 298 2048 tunc
306 2001 440 2048 Britanniae
450 2001 686 2060 Vectinadiolanue,
695 2003 830 2070 placidina,
839 2007 916 2072 quim

6 2079 85 2128 feroci
95 2074 224 2143 protincii
239 2073 343 2136 dignum
354 2082 408 2118 est:
422 2073 573 2134 temperavit
583 2074 700 2136 Agricola
711 2079 769 2124 vim'
777 2095 862 2139 suum,
874 2101 918 2132 ar.

7 2154 148 2216 floremque
160 2147 331 2213 compescuit,
347 2161 378 2192 ne
397 2146 561 2201 incresceret,
579 2148 677 2208 peritus
690 2148 811 2213 obsequi,
826 2155 915 2204 erudi.

7 2239 100 2293 trisque
108 2226 180 2275 utilia
190 2221 303 2288 honestis
312 2219 426 2266 miscere.
436 2218 510 2266 Brevi
520 2217 611 2265 deinde
619 2219 915 2278 Britanniaconsularem

7 2300 127 2350 Petilium
139 2297 261 2348 Cerialem
274 2293 378 2357 accepit.
392 2291 541 2339 Habuerunt
551 2292 656 2340 virtuter
668 2295 776 2357 epatium
783 2304 916 2366 exemplo.

9 2391 76 2422 nrm.
86 2373 136 2423 Sed
146 2369 229 2438 primi>
240 2367 342 2417 Ger-ielis
354 2366 431 2414 modo
442 2366 540 2412 laborer
549 2377 575 2412 et
585 2364 741 2427 discrimina,
753 2386 812 2419 mox
822 2374 916 2439 et'glo-

8 2450 70 2496 riam
80 2444 284 2496 communicabat
295 2459 300 2488 :
311 2437 374 2504 saepe
386 2440 451 2503 parti
462 2436 586 2484 exercitiis
598 2440 623 2484 iu
636 2441 850 2502 experimentum,
862 2448 922 2499 nli..¹

6 2522 109 2585 quando
126 2518 264 2578 maioribus
276 2513 355 2578 copiia
370 2529 400 2560 ex
414 2523 505 2558 eventu
522 2512 651 2576 prefecit:
669 2529 716 2560 nee
728 2513 845 2578 Agricola
861 2538 913 2570 un.

6 2611 83 2658 quam
93 2597 118 2641 iu
129 2607 200 2642 ettam
210 2589 300 2637 lamam
310 2585 386 2648 gestie
396 2583 531 2632 exsultavit
539 2605 546 2644 3
553 2583 590 2630 ad
599 2593 727 2643 auctorem
736 2597 762 2634 et
769 2586 873 2654 ducem,
881 2609 913 2648 ue

7 2670 132 2726 minister,
141 2665 269 2714 fortunam
277 2657 413 2716 reserabat:
427 2659 462 2705 ita
472 2659 564 2705 virtute
575 2659 602 2704 in
610 2657 783 2721 obsequendo,
794 2679 911 2731 verecun-

6 2737 45 2786 dii
57 2735 83 2789 in
92 2735 251 2805 predicando
261 2771 266 2791 ,
276 2745 346 2781 extra
354 2731 487 2792 invidiam,
499 2746 545 2776 nec
555 2741 625 2777 extra
633 2731 657 2795 gl
665 2730 740 2778 niam
749 2747 811 2783 eret.

36 2811 86 2862 IX.
95 2816 275 2860 Revertentem
285 2807 316 2852 ab
330 2807 454 2868 legatione
467 2804 573 2867 legionis
585 2803 657 2853 dirue
671 2803 835 2869 Vespasianus
845 2814 925 2867 inter'

6 2887 121 2948 patricios
142 2882 266 2936 adscivit,
289 2895 317 2926 ec
336 2877 427 2926 deinde
447 2876 584 2940 provinciae
602 2878 741 2939 Aquitaniae
759 2891 913 2957 preposuit,

7 2959 143 3021 splendide
152 2955 272 3020 inprimis
281 2952 419 3016 dignitatis,
429 2949 646 2997 administratione
656 2966 685 2997 ae
695 2967 738 3016 spe
747 2961 893 3014 consulatis
902 3009 912 3034 ,
939 2973 952 2986 ”

7 3032 47 3078 cui
58 3030 205 3080 deatioirat.
219 3026 329 3074 Credunt
338 3025 450 3089 plerique
462 3023 615 3072 militaribus
627 3026 732 3087 ingeniis
742 3031 909 3086 subtilitatem

8 3101 107 3162 deesse,
125 3104 182 3168 quia
195 3102 328 3148 castrensis
347 3097 488 3160 jurisdictio
503 3114 589 3146 arcura
603 3110 629 3145 et
645 3098 773 3161 obtusior,
791 3121 820 3150 ac
835 3109 909 3170 plur.

8 3189 80 3224 manu
98 3193 189 3242 agene,
206 3173 369 3230 calliditatem
387 3172 434 3218 lori
453 3188 504 3219 non
522 3183 646 3218 exerceat.
664 3171 782 3233 Agricola
793 3180 910 3231 'naturali

11 3251 138 3310 prudentii
146 3287 154 3310 ,
164 3251 279 3313 quamvis
289 3248 352 3295 iuter
363 3257 471 3309 togatos,
479 3244 550 3290 facile
559 3243 670 3308 iustique
678 3243 775 3306 agebat.
783 3246 838 3296 Jarn
848 3253 907 3304 rerd

10 3332 120 3390 tempora
131 3339 250 3374 curatum
261 3321 487 3383 remissionumque
498 3313 580 3366 utana
593 3331 600 3364 t
613 3315 659 3370 ubi
674 3329 815 3436 conpsentut
825 3338 855 3371 ac
864 3324 908 3389 juq
923 3371 932 3382 ,
