<?xml version="1.0" encoding="UTF-8"?>
<!DOCTYPE html PUBLIC "-//W3C//DTD XHTML 1.0 Transitional//EN"
    "http://www.w3.org/TR/xhtml1/DTD/xhtml1-transitional.dtd">
<html xmlns="http://www.w3.org/1999/xhtml" xml:lang="en" lang="en">
 <head>
  <title>
</title>
<meta http-equiv="Content-Type" content="text/html;charset=utf-8" />
  <meta name='ocr-system' content='tesseract 3.04.00' />
  <meta name='ocr-capabilities' content='ocr_page ocr_carea ocr_par ocr_line ocrx_word'/>
</head>
<body>
  <div class='ocr_page' id='page_1' title='image "./ccorntacitioper00brotgoog_0294.png"; bbox 0 0 2100 3709; ppageno 0'>
   <div class='ocr_carea' id='block_1_1' title="bbox 409 54 954 124">
    <p class='ocr_par' dir='ltr' id='par_1_1' title="bbox 409 54 954 124">
     <span class='ocr_line' id='line_1_1' title="bbox 409 54 954 124; baseline 0.013 -27"><span class='ocrx_word' id='word_1_1' title='bbox 409 64 590 98; x_wconf 69' lang='lat' dir='ltr'>acaronis.</span> <span class='ocrx_word' id='word_1_2' title='bbox 906 54 954 124; x_wconf 74' lang='lat' dir='ltr'>apb</span> 
     </span>
    </p>
   </div>
   <div class='ocr_carea' id='block_1_2' title="bbox 20 129 955 353">
    <p class='ocr_par' dir='ltr' id='par_1_2' title="bbox 20 129 955 353">
     <span class='ocr_line' id='line_1_2' title="bbox 21 129 954 204; baseline 0.008 -22"><span class='ocrx_word' id='word_1_3' title='bbox 21 133 126 195; x_wconf 53' lang='lat' dir='ltr'>tuere,</span> <span class='ocrx_word' id='word_1_4' title='bbox 136 144 164 183; x_wconf 88' lang='lat' dir='ltr'>et</span> <span class='ocrx_word' id='word_1_5' title='bbox 172 133 294 201; x_wconf 75' lang='lat' dir='ltr'>presidiis</span> <span class='ocrx_word' id='word_1_6' title='bbox 303 135 461 200; x_wconf 67' lang='lat' dir='ltr'>castellisque</span> <span class='ocrx_word' id='word_1_7' title='bbox 469 134 642 195; x_wconf 78' lang='lat' dir='ltr'>circumdatae,</span> <span class='ocrx_word' id='word_1_8' title='bbox 652 133 720 184; x_wconf 74' lang='lat' dir='ltr'>tanti</span> <span class='ocrx_word' id='word_1_9' title='bbox 729 129 826 185; x_wconf 77' lang='lat' dir='ltr'>ratione</span> <span class='ocrx_word' id='word_1_10' title='bbox 834 140 954 204; x_wconf 77' lang='lat' dir='ltr'>eurique,</span> 
     </span>
     <span class='ocr_line' id='line_1_3' title="bbox 20 207 820 278; baseline 0.004 -23"><span class='ocrx_word' id='word_1_11' title='bbox 20 219 65 256; x_wconf 65' lang='lat' dir='ltr'>ut</span> <span class='ocrx_word' id='word_1_12' title='bbox 79 208 156 256; x_wconf 88' lang='lat' dir='ltr'>nulla</span> <span class='ocrx_word' id='word_1_13' title='bbox 170 207 369 278; x_wconf 72' lang='lat' dir='ltr'>anteBritannIae</span> <span class='ocrx_word' id='word_1_14' title='bbox 380 226 445 257; x_wconf 88' lang='lat' dir='ltr'>nova</span> <span class='ocrx_word' id='word_1_15' title='bbox 458 224 514 273; x_wconf 82' lang='lat' dir='ltr'>pars</span> <span class='ocrx_word' id='word_1_16' title='bbox 524 208 667 256; x_wconf 75' lang='lat' dir='ltr'><strong>inlacessita</strong></span> <span class='ocrx_word' id='word_1_17' title='bbox 682 210 820 259; x_wconf 83' lang='lat' dir='ltr'>transierit.</span> 
     </span>
     <span class='ocr_line' id='line_1_4' title="bbox 70 280 955 353; baseline 0.009 -24"><span class='ocrx_word' id='word_1_18' title='bbox 70 282 151 331; x_wconf 83' lang='lat' dir='ltr'>XXI.</span> <span class='ocrx_word' id='word_1_19' title='bbox 161 283 272 345; x_wconf 79' lang='lat' dir='ltr'>Sequens</span> <span class='ocrx_word' id='word_1_20' title='bbox 281 282 365 331; x_wconf 89' lang='lat' dir='ltr'>hiems</span> <span class='ocrx_word' id='word_1_21' title='bbox 377 283 549 331; x_wconf 74' lang='lat' dir='ltr'>saluberrimis</span> <span class='ocrx_word' id='word_1_22' title='bbox 559 280 672 330; x_wconf 79' lang='lat' dir='ltr'>consiliis</span> <span class='ocrx_word' id='word_1_23' title='bbox 683 283 815 349; x_wconf 86' lang='lat' dir='ltr'>absumpta</span> <span class='ocrx_word' id='word_1_24' title='bbox 828 302 834 332; x_wconf 76' lang='grc' dir='ltr'><strong><em>ι</em></strong></span> <span class='ocrx_word' id='word_1_25' title='bbox 847 302 955 353; x_wconf 80' lang='lat' dir='ltr'>namque</span> 
     </span>
    </p>
   </div>
   <div class='ocr_carea' id='block_1_3' title="bbox 27 354 953 2120">
    <p class='ocr_par' dir='ltr' id='par_1_3' title="bbox 27 354 953 2120">
     <span class='ocr_line' id='line_1_5' title="bbox 29 354 953 422; baseline 0.008 -19"><span class='ocrx_word' id='word_1_26' title='bbox 29 366 67 403; x_wconf 83' lang='lat' dir='ltr'>ut</span> <span class='ocrx_word' id='word_1_27' title='bbox 79 354 202 405; x_wconf 88' lang='lat' dir='ltr'>homines</span> <span class='ocrx_word' id='word_1_28' title='bbox 213 356 320 422; x_wconf 84' lang='lat' dir='ltr'>dispersi</span> <span class='ocrx_word' id='word_1_29' title='bbox 335 373 364 404; x_wconf 90' lang='lat' dir='ltr'>ac</span> <span class='ocrx_word' id='word_1_30' title='bbox 376 354 466 414; x_wconf 80' lang='lat' dir='ltr'>rudes,</span> <span class='ocrx_word' id='word_1_31' title='bbox 479 356 560 419; x_wconf 76' lang='lat' dir='ltr'>eoque</span> <span class='ocrx_word' id='word_1_32' title='bbox 576 354 643 403; x_wconf 90' lang='lat' dir='ltr'>bello</span> <span class='ocrx_word' id='word_1_33' title='bbox 654 355 753 414; x_wconf 72' lang='lat' dir='ltr'>faciles,</span> <span class='ocrx_word' id='word_1_34' title='bbox 767 360 847 421; x_wconf 87' lang='lat' dir='ltr'>quieti</span> <span class='ocrx_word' id='word_1_35' title='bbox 861 372 886 409; x_wconf 87' lang='lat' dir='ltr'>et</span> <span class='ocrx_word' id='word_1_36' title='bbox 896 362 953 411; x_wconf 79' lang='lat' dir='ltr'>&#39;otio</span> 
     </span>
     <span class='ocr_line' id='line_1_6' title="bbox 27 426 952 498; baseline 0.006 -22"><span class='ocrx_word' id='word_1_37' title='bbox 27 446 82 495; x_wconf 87' lang='lat' dir='ltr'>per</span> <span class='ocrx_word' id='word_1_38' title='bbox 95 431 241 496; x_wconf 84' lang='lat' dir='ltr'>voluptates</span> <span class='ocrx_word' id='word_1_39' title='bbox 250 430 442 495; x_wconf 67' lang='lat' dir='ltr'>adsuescerent,</span> <span class='ocrx_word' id='word_1_40' title='bbox 454 428 550 477; x_wconf 84' lang='lat' dir='ltr'>hortari</span> <span class='ocrx_word' id='word_1_41' title='bbox 559 426 694 495; x_wconf 81' lang='lat' dir='ltr'>privatim,</span> <span class='ocrx_word' id='word_1_42' title='bbox 705 430 824 493; x_wconf 72' lang='lat' dir='ltr'>adiurare</span> <span class='ocrx_word' id='word_1_43' title='bbox 834 432 935 498; x_wconf 73' lang='lat' dir='ltr'>publice</span> <span class='ocrx_word' id='word_1_44' title='bbox 945 471 952 493; x_wconf 85' lang='lat'>,</span> 
     </span>
     <span class='ocr_line' id='line_1_7' title="bbox 29 501 952 569; baseline 0.003 -18"><span class='ocrx_word' id='word_1_45' title='bbox 29 515 64 551; x_wconf 85' lang='lat' dir='ltr'>ut</span> <span class='ocrx_word' id='word_1_46' title='bbox 77 503 191 569; x_wconf 86' lang='lat' dir='ltr'>templa,</span> <span class='ocrx_word' id='word_1_47' title='bbox 203 504 256 553; x_wconf 84' lang='lat' dir='ltr'>lora</span> <span class='ocrx_word' id='word_1_48' title='bbox 265 541 271 560; x_wconf 87' lang='lat'>,</span> <span class='ocrx_word' id='word_1_49' title='bbox 280 502 372 552; x_wconf 85' lang='lat' dir='ltr'>domus</span> <span class='ocrx_word' id='word_1_50' title='bbox 382 514 553 560; x_wconf 76' lang='lat' dir='ltr'>exstruerent,</span> <span class='ocrx_word' id='word_1_51' title='bbox 568 501 694 550; x_wconf 88' lang='lat' dir='ltr'>laudando</span> <span class='ocrx_word' id='word_1_52' title='bbox 707 515 852 568; x_wconf 83' lang='lat' dir='ltr'>promptos,</span> <span class='ocrx_word' id='word_1_53' title='bbox 866 518 891 554; x_wconf 83' lang='lat' dir='ltr'>et</span> <span class='ocrx_word' id='word_1_54' title='bbox 900 523 952 555; x_wconf 87' lang='lat' dir='ltr'>cas·</span> 
     </span>
     <span class='ocr_line' id='line_1_8' title="bbox 30 574 952 641; baseline 0.003 -16"><span class='ocrx_word' id='word_1_55' title='bbox 30 576 145 640; x_wconf 76' lang='lat' dir='ltr'>tigando</span> <span class='ocrx_word' id='word_1_56' title='bbox 163 593 268 641; x_wconf 75' lang='lat' dir='ltr'>segnes:</span> <span class='ocrx_word' id='word_1_57' title='bbox 284 578 319 623; x_wconf 89' lang='lat' dir='ltr'>ita</span> <span class='ocrx_word' id='word_1_58' title='bbox 333 574 436 623; x_wconf 86' lang='lat' dir='ltr'>honoris</span> <span class='ocrx_word' id='word_1_59' title='bbox 456 575 582 623; x_wconf 72' lang='lat' dir='ltr'>omotario</span> <span class='ocrx_word' id='word_1_60' title='bbox 594 591 640 641; x_wconf 91' lang='lat' dir='ltr'>pro</span> <span class='ocrx_word' id='word_1_61' title='bbox 657 578 804 625; x_wconf 84' lang='lat' dir='ltr'>necessitate</span> <span class='ocrx_word' id='word_1_62' title='bbox 817 590 879 627; x_wconf 83' lang='lat' dir='ltr'>erut.</span> <span class='ocrx_word' id='word_1_63' title='bbox 897 580 952 629; x_wconf 81' lang='lat' dir='ltr'>lam</span> 
     </span>
     <span class='ocr_line' id='line_1_9' title="bbox 32 646 953 715; baseline 0.003 -17"><span class='ocrx_word' id='word_1_64' title='bbox 32 649 98 698; x_wconf 80' lang='lat' dir='ltr'>rerb</span> <span class='ocrx_word' id='word_1_65' title='bbox 109 651 256 715; x_wconf 75' lang='lat' dir='ltr'><strong>principum</strong></span> <span class='ocrx_word' id='word_1_66' title='bbox 269 649 333 697; x_wconf 86' lang='lat' dir='ltr'>filios</span> <span class='ocrx_word' id='word_1_67' title='bbox 348 647 495 694; x_wconf 74' lang='lat' dir='ltr'>liberalibus</span> <span class='ocrx_word' id='word_1_68' title='bbox 509 646 606 695; x_wconf 87' lang='lat' dir='ltr'>artibus</span> <span class='ocrx_word' id='word_1_69' title='bbox 620 648 718 697; x_wconf 89' lang='lat' dir='ltr'>erudire</span> <span class='ocrx_word' id='word_1_70' title='bbox 726 684 734 711; x_wconf 96' lang='lat'>,</span> <span class='ocrx_word' id='word_1_71' title='bbox 749 661 774 697; x_wconf 90' lang='lat' dir='ltr'>et</span> <span class='ocrx_word' id='word_1_72' title='bbox 785 650 882 714; x_wconf 72' lang='lat' dir='ltr'>ingenia</span> <span class='ocrx_word' id='word_1_73' title='bbox 893 653 953 702; x_wconf 87' lang='lat' dir='ltr'>Bri-</span> 
     </span>
     <span class='ocr_line' id='line_1_10' title="bbox 33 719 951 789; baseline 0.007 -20"><span class='ocrx_word' id='word_1_74' title='bbox 33 734 181 770; x_wconf 85' lang='lat' dir='ltr'>taunorum</span> <span class='ocrx_word' id='word_1_75' title='bbox 200 722 290 772; x_wconf 81' lang='lat' dir='ltr'>studiis</span> <span class='ocrx_word' id='word_1_76' title='bbox 307 721 440 769; x_wconf 74' lang='lat' dir='ltr'>Gallorum</span> <span class='ocrx_word' id='word_1_77' title='bbox 464 719 604 777; x_wconf 79' lang='lat' dir='ltr'>anteferre,</span> <span class='ocrx_word' id='word_1_78' title='bbox 627 731 657 769; x_wconf 91' lang='lat' dir='ltr'>ut</span> <span class='ocrx_word' id='word_1_79' title='bbox 676 723 721 787; x_wconf 91' lang='lat' dir='ltr'>qui</span> <span class='ocrx_word' id='word_1_80' title='bbox 738 722 816 771; x_wconf 74' lang='lat' dir='ltr'>modii</span> <span class='ocrx_word' id='word_1_81' title='bbox 840 724 951 789; x_wconf 78' lang='lat' dir='ltr'>linguam</span> 
     </span>
     <span class='ocr_line' id='line_1_11' title="bbox 34 796 952 862; baseline 0.005 -18"><span class='ocrx_word' id='word_1_82' title='bbox 34 797 185 845; x_wconf 80' lang='lat' dir='ltr'>Romanam</span> <span class='ocrx_word' id='word_1_83' title='bbox 201 797 363 852; x_wconf 76' lang='lat' dir='ltr'>sbnuebant,</span> <span class='ocrx_word' id='word_1_84' title='bbox 381 796 552 858; x_wconf 80' lang='lat' dir='ltr'>eloquentiam</span> <span class='ocrx_word' id='word_1_85' title='bbox 565 796 789 862; x_wconf 78' lang='lat' dir='ltr'>concupiscerent:</span> <span class='ocrx_word' id='word_1_86' title='bbox 809 797 865 846; x_wconf 82' lang='lat' dir='ltr'>iird&#39;e</span> <span class='ocrx_word' id='word_1_87' title='bbox 875 801 952 849; x_wconf 85' lang='lat' dir='ltr'>etium</span> 
     </span>
     <span class='ocr_line' id='line_1_12' title="bbox 35 866 951 935; baseline 0.005 -18"><span class='ocrx_word' id='word_1_88' title='bbox 35 867 146 919; x_wconf 82' lang='lat' dir='ltr'>habitris</span> <span class='ocrx_word' id='word_1_89' title='bbox 160 870 241 919; x_wconf 86' lang='lat' dir='ltr'>nostri</span> <span class='ocrx_word' id='word_1_90' title='bbox 258 869 354 926; x_wconf 87' lang='lat' dir='ltr'>honor,</span> <span class='ocrx_word' id='word_1_91' title='bbox 368 880 394 917; x_wconf 86' lang='lat' dir='ltr'>et</span> <span class='ocrx_word' id='word_1_92' title='bbox 407 866 525 932; x_wconf 74' lang='lat' dir='ltr'>frequens</span> <span class='ocrx_word' id='word_1_93' title='bbox 541 880 597 935; x_wconf 78' lang='lat' dir='ltr'>toga</span> <span class='ocrx_word' id='word_1_94' title='bbox 613 871 800 935; x_wconf 73' lang='lat' dir='ltr'>:paulatimque</span> <span class='ocrx_word' id='word_1_95' title='bbox 813 871 951 922; x_wconf 74' lang='lat' dir='ltr'>discessum</span> 
     </span>
     <span class='ocr_line' id='line_1_13' title="bbox 37 942 951 1008; baseline 0.005 -18"><span class='ocrx_word' id='word_1_96' title='bbox 37 942 72 991; x_wconf 89' lang='lat' dir='ltr'>ad</span> <span class='ocrx_word' id='word_1_97' title='bbox 88 943 259 992; x_wconf 81' lang='lat' dir='ltr'>delinimenta</span> <span class='ocrx_word' id='word_1_98' title='bbox 277 946 410 998; x_wconf 79' lang='lat' dir='ltr'>vitiorum.</span> <span class='ocrx_word' id='word_1_99' title='bbox 427 945 555 1008; x_wconf 88' lang='lat' dir='ltr'>porticus,</span> <span class='ocrx_word' id='word_1_100' title='bbox 572 956 598 993; x_wconf 87' lang='lat' dir='ltr'>et</span> <span class='ocrx_word' id='word_1_101' title='bbox 614 945 718 1002; x_wconf 78' lang='lat' dir='ltr'>balnea,</span> <span class='ocrx_word' id='word_1_102' title='bbox 736 956 762 993; x_wconf 84' lang='lat' dir='ltr'>et</span> <span class='ocrx_word' id='word_1_103' title='bbox 776 946 951 995; x_wconf 75' lang='lat' dir='ltr'>convitiorum</span> 
     </span>
     <span class='ocr_line' id='line_1_14' title="bbox 35 1016 951 1083; baseline 0.005 -20"><span class='ocrx_word' id='word_1_104' title='bbox 35 1017 192 1081; x_wconf 80' lang='lat' dir='ltr'>elegantiam</span> <span class='ocrx_word' id='word_1_105' title='bbox 202 1035 207 1066; x_wconf 91' lang='lat'>:</span> <span class='ocrx_word' id='word_1_106' title='bbox 217 1016 291 1081; x_wconf 90' lang='lat' dir='ltr'>idque</span> <span class='ocrx_word' id='word_1_107' title='bbox 306 1016 374 1081; x_wconf 86' lang='lat' dir='ltr'>apud</span> <span class='ocrx_word' id='word_1_108' title='bbox 385 1018 516 1081; x_wconf 84' lang='lat' dir='ltr'>imperitos</span> <span class='ocrx_word' id='word_1_109' title='bbox 528 1020 690 1071; x_wconf 77' lang='lat' dir='ltr'>humanitas</span> <span class='ocrx_word' id='word_1_110' title='bbox 706 1018 857 1077; x_wconf 68' lang='lat' dir='ltr'>vocabatur«,</span> <span class='ocrx_word' id='word_1_111' title='bbox 874 1034 951 1083; x_wconf 91' lang='lat' dir='ltr'>quum</span> 
     </span>
     <span class='ocr_line' id='line_1_15' title="bbox 36 1094 863 1157; baseline -0.001 -18"><span class='ocrx_word' id='word_1_112' title='bbox 36 1094 237 1157; x_wconf 79' lang='lat' dir='ltr'>paraserritutis</span> <span class='ocrx_word' id='word_1_113' title='bbox 248 1102 323 1139; x_wconf 86' lang='lat' dir='ltr'>esset.</span> <span class='ocrx_word' id='word_1_114' title='bbox 860 1128 863 1138; x_wconf 46' lang='lat' dir='ltr'><em>s</em></span> 
     </span>
     <span class='ocr_line' id='line_1_16' title="bbox 70 1162 953 1232; baseline 0.002 -19"><span class='ocrx_word' id='word_1_115' title='bbox 70 1164 166 1215; x_wconf 76' lang='lat' dir='ltr'>xxti.</span> <span class='ocrx_word' id='word_1_116' title='bbox 180 1167 281 1215; x_wconf 89' lang='lat' dir='ltr'>Tertius</span> <span class='ocrx_word' id='word_1_117' title='bbox 293 1162 485 1229; x_wconf 82' lang='lat' dir='ltr'>expeditionum</span> <span class='ocrx_word' id='word_1_118' title='bbox 496 1181 578 1213; x_wconf 85' lang='lat' dir='ltr'>annus</span> <span class='ocrx_word' id='word_1_119' title='bbox 588 1181 667 1215; x_wconf 83' lang='lat' dir='ltr'>novas</span> <span class='ocrx_word' id='word_1_120' title='bbox 675 1178 762 1231; x_wconf 82' lang='lat' dir='ltr'>gentes</span> <span class='ocrx_word' id='word_1_121' title='bbox 771 1166 885 1232; x_wconf 84' lang='lat' dir='ltr'>aperuit,</span> <span class='ocrx_word' id='word_1_122' title='bbox 896 1180 953 1215; x_wconf 80' lang='lat' dir='ltr'>ras-</span> 
     </span>
     <span class='ocr_line' id='line_1_17' title="bbox 37 1236 950 1304; baseline 0.002 -19"><span class='ocrx_word' id='word_1_123' title='bbox 37 1238 98 1286; x_wconf 90' lang='lat' dir='ltr'>tatis</span> <span class='ocrx_word' id='word_1_124' title='bbox 109 1253 189 1302; x_wconf 86' lang='lat' dir='ltr'>usque</span> <span class='ocrx_word' id='word_1_125' title='bbox 200 1238 233 1286; x_wconf 90' lang='lat' dir='ltr'>ad</span> <span class='ocrx_word' id='word_1_126' title='bbox 248 1238 330 1286; x_wconf 86' lang='lat' dir='ltr'>Taum</span> <span class='ocrx_word' id='word_1_127' title='bbox 339 1237 469 1303; x_wconf 71' lang='lat' dir='ltr'>(aestuario</span> <span class='ocrx_word' id='word_1_128' title='bbox 482 1254 576 1287; x_wconf 87' lang='lat' dir='ltr'>nomen</span> <span class='ocrx_word' id='word_1_129' title='bbox 587 1239 638 1304; x_wconf 88' lang='lat' dir='ltr'>est)</span> <span class='ocrx_word' id='word_1_130' title='bbox 651 1241 795 1289; x_wconf 87' lang='lat' dir='ltr'>nationibus</span> <span class='ocrx_word' id='word_1_131' title='bbox 809 1258 814 1287; x_wconf 92' lang='lat'>:</span> <span class='ocrx_word' id='word_1_132' title='bbox 833 1238 882 1303; x_wconf 76' lang='lat' dir='ltr'>qud</span> <span class='ocrx_word' id='word_1_133' title='bbox 896 1236 950 1287; x_wconf 82' lang='lat' dir='ltr'>ior-</span> 
     </span>
     <span class='ocr_line' id='line_1_18' title="bbox 37 1308 951 1379; baseline 0.001 -21"><span class='ocrx_word' id='word_1_134' title='bbox 37 1310 140 1358; x_wconf 90' lang='lat' dir='ltr'>midine</span> <span class='ocrx_word' id='word_1_135' title='bbox 150 1309 232 1379; x_wconf 87' lang='lat' dir='ltr'>territi</span> <span class='ocrx_word' id='word_1_136' title='bbox 242 1308 336 1365; x_wconf 84' lang='lat' dir='ltr'>hostes,</span> <span class='ocrx_word' id='word_1_137' title='bbox 344 1326 487 1372; x_wconf 86' lang='lat' dir='ltr'>quanquam</span> <span class='ocrx_word' id='word_1_138' title='bbox 496 1310 668 1359; x_wconf 77' lang='lat' dir='ltr'>conflictatum</span> <span class='ocrx_word' id='word_1_139' title='bbox 679 1314 749 1360; x_wconf 75' lang='lat' dir='ltr'>saeris</span> <span class='ocrx_word' id='word_1_140' title='bbox 759 1310 951 1377; x_wconf 80' lang='lat' dir='ltr'>tempestatibus</span> 
     </span>
     <span class='ocr_line' id='line_1_19' title="bbox 38 1376 948 1449; baseline 0 -18"><span class='ocrx_word' id='word_1_141' title='bbox 38 1386 184 1431; x_wconf 86' lang='lat' dir='ltr'>exercitum</span> <span class='ocrx_word' id='word_1_142' title='bbox 193 1376 314 1431; x_wconf 77' lang='lat' dir='ltr'>lacessere</span> <span class='ocrx_word' id='word_1_143' title='bbox 324 1399 375 1430; x_wconf 89' lang='lat' dir='ltr'>non</span> <span class='ocrx_word' id='word_1_144' title='bbox 384 1384 454 1431; x_wconf 89' lang='lat' dir='ltr'>ausi:</span> <span class='ocrx_word' id='word_1_145' title='bbox 474 1382 647 1449; x_wconf 80' lang='lat' dir='ltr'>ponendisque</span> <span class='ocrx_word' id='word_1_146' title='bbox 660 1385 761 1449; x_wconf 84' lang='lat' dir='ltr'>iusuper</span> <span class='ocrx_word' id='word_1_147' title='bbox 771 1384 879 1433; x_wconf 76' lang='lat' dir='ltr'>castellis</span> <span class='ocrx_word' id='word_1_148' title='bbox 889 1400 948 1449; x_wconf 49' lang='lat' dir='ltr'>spnae</span> 
     </span>
     <span class='ocr_line' id='line_1_20' title="bbox 39 1454 950 1521; baseline -0.003 -15"><span class='ocrx_word' id='word_1_149' title='bbox 39 1459 107 1506; x_wconf 88' lang='lat' dir='ltr'>tium</span> <span class='ocrx_word' id='word_1_150' title='bbox 120 1456 181 1504; x_wconf 82' lang='lat' dir='ltr'>tuit.</span> <span class='ocrx_word' id='word_1_151' title='bbox 200 1454 363 1504; x_wconf 78' lang='lat' dir='ltr'>Adnotabant</span> <span class='ocrx_word' id='word_1_152' title='bbox 376 1456 452 1521; x_wconf 87' lang='lat' dir='ltr'>periti</span> <span class='ocrx_word' id='word_1_153' title='bbox 463 1492 470 1513; x_wconf 90' lang='lat'>,</span> <span class='ocrx_word' id='word_1_154' title='bbox 481 1472 534 1504; x_wconf 87' lang='lat' dir='ltr'>non</span> <span class='ocrx_word' id='word_1_155' title='bbox 547 1454 624 1503; x_wconf 88' lang='lat' dir='ltr'>alium</span> <span class='ocrx_word' id='word_1_156' title='bbox 642 1454 733 1504; x_wconf 88' lang='lat' dir='ltr'>ducem</span> <span class='ocrx_word' id='word_1_157' title='bbox 748 1458 950 1521; x_wconf 73' lang='lat' dir='ltr'>opportunitates</span> 
     </span>
     <span class='ocr_line' id='line_1_21' title="bbox 38 1526 951 1595; baseline -0.004 -16"><span class='ocrx_word' id='word_1_158' title='bbox 38 1526 161 1580; x_wconf 82' lang='lat' dir='ltr'>locorum</span> <span class='ocrx_word' id='word_1_159' title='bbox 169 1527 307 1594; x_wconf 77' lang='lat' dir='ltr'>sapientius</span> <span class='ocrx_word' id='word_1_160' title='bbox 315 1530 402 1593; x_wconf 72' lang='lat' dir='ltr'>legisse</span> <span class='ocrx_word' id='word_1_161' title='bbox 410 1544 417 1593; x_wconf 75' lang='lat'>3</span> <span class='ocrx_word' id='word_1_162' title='bbox 426 1529 525 1576; x_wconf 89' lang='lat' dir='ltr'>nullum</span> <span class='ocrx_word' id='word_1_163' title='bbox 536 1528 566 1575; x_wconf 89' lang='lat' dir='ltr'>ab</span> <span class='ocrx_word' id='word_1_164' title='bbox 573 1526 690 1592; x_wconf 60' lang='lat' dir='ltr'>Agricola</span> <span class='ocrx_word' id='word_1_165' title='bbox 700 1530 811 1595; x_wconf 89' lang='lat' dir='ltr'>positum</span> <span class='ocrx_word' id='word_1_166' title='bbox 820 1529 951 1576; x_wconf 79' lang='lat' dir='ltr'>castellum</span> 
     </span>
     <span class='ocr_line' id='line_1_22' title="bbox 38 1600 950 1668; baseline -0.004 -15"><span class='ocrx_word' id='word_1_167' title='bbox 38 1616 86 1655; x_wconf 88' lang='lat' dir='ltr'>aut</span> <span class='ocrx_word' id='word_1_168' title='bbox 96 1604 122 1653; x_wconf 87' lang='lat' dir='ltr'>vi</span> <span class='ocrx_word' id='word_1_169' title='bbox 131 1603 244 1651; x_wconf 81' lang='lat' dir='ltr'>bostium</span> <span class='ocrx_word' id='word_1_170' title='bbox 255 1615 426 1668; x_wconf 73' lang='lat' dir='ltr'>expugnatum</span> <span class='ocrx_word' id='word_1_171' title='bbox 435 1638 441 1659; x_wconf 85' lang='lat'>,</span> <span class='ocrx_word' id='word_1_172' title='bbox 451 1613 496 1650; x_wconf 92' lang='lat' dir='ltr'>aut</span> <span class='ocrx_word' id='word_1_173' title='bbox 508 1602 625 1666; x_wconf 85' lang='lat' dir='ltr'>pactione</span> <span class='ocrx_word' id='word_1_174' title='bbox 634 1617 662 1649; x_wconf 88' lang='lat' dir='ltr'>ac</span> <span class='ocrx_word' id='word_1_175' title='bbox 673 1600 730 1666; x_wconf 74' lang='lat' dir='ltr'>lugd</span> <span class='ocrx_word' id='word_1_176' title='bbox 743 1600 879 1649; x_wconf 85' lang='lat' dir='ltr'>desertum.</span> <span class='ocrx_word' id='word_1_177' title='bbox 888 1603 950 1653; x_wconf 80' lang='lat' dir='ltr'>Cre·</span> 
     </span>
     <span class='ocr_line' id='line_1_23' title="bbox 39 1674 950 1743; baseline -0.007 -16"><span class='ocrx_word' id='word_1_178' title='bbox 39 1680 93 1727; x_wconf 80' lang='lat' dir='ltr'>brae</span> <span class='ocrx_word' id='word_1_179' title='bbox 111 1678 274 1743; x_wconf 85' lang='lat' dir='ltr'>eruptiones:</span> <span class='ocrx_word' id='word_1_180' title='bbox 291 1694 348 1725; x_wconf 86' lang='lat' dir='ltr'>nam</span> <span class='ocrx_word' id='word_1_181' title='bbox 365 1676 486 1725; x_wconf 83' lang='lat' dir='ltr'>adversus</span> <span class='ocrx_word' id='word_1_182' title='bbox 506 1688 591 1723; x_wconf 88' lang='lat' dir='ltr'>moras</span> <span class='ocrx_word' id='word_1_183' title='bbox 609 1676 750 1725; x_wconf 79' lang='lat' dir='ltr'>obsidionis</span> <span class='ocrx_word' id='word_1_184' title='bbox 767 1676 856 1725; x_wconf 88' lang='lat' dir='ltr'>annuis</span> <span class='ocrx_word' id='word_1_185' title='bbox 870 1674 950 1740; x_wconf 82' lang='lat' dir='ltr'>copiis</span> 
     </span>
     <span class='ocr_line' id='line_1_24' title="bbox 39 1748 950 1816; baseline -0.003 -16"><span class='ocrx_word' id='word_1_186' title='bbox 39 1751 208 1802; x_wconf 81' lang='lat' dir='ltr'>tirmsbantur</span> <span class='ocrx_word' id='word_1_187' title='bbox 218 1768 224 1798; x_wconf 80' lang='lat' dir='ltr'>r</span> <span class='ocrx_word' id='word_1_188' title='bbox 238 1750 273 1798; x_wconf 87' lang='lat' dir='ltr'>ita</span> <span class='ocrx_word' id='word_1_189' title='bbox 283 1750 406 1816; x_wconf 87' lang='lat' dir='ltr'>intrepida</span> <span class='ocrx_word' id='word_1_190' title='bbox 416 1750 451 1797; x_wconf 88' lang='lat' dir='ltr'>ibi</span> <span class='ocrx_word' id='word_1_191' title='bbox 459 1748 556 1808; x_wconf 81' lang='lat' dir='ltr'>hiems,</span> <span class='ocrx_word' id='word_1_192' title='bbox 567 1760 592 1797; x_wconf 89' lang='lat' dir='ltr'>et</span> <span class='ocrx_word' id='word_1_193' title='bbox 601 1750 648 1797; x_wconf 88' lang='lat' dir='ltr'>sibi</span> <span class='ocrx_word' id='word_1_194' title='bbox 658 1764 690 1813; x_wconf 89' lang='lat' dir='ltr'>qu</span> <span class='ocrx_word' id='word_1_195' title='bbox 695 1749 764 1814; x_wconf 86' lang='lat' dir='ltr'>isque</span> <span class='ocrx_word' id='word_1_196' title='bbox 774 1748 901 1815; x_wconf 68' lang='lat' dir='ltr'>prandio,</span> <span class='ocrx_word' id='word_1_197' title='bbox 911 1748 950 1797; x_wconf 86' lang='lat' dir='ltr'>ir·</span> 
     </span>
     <span class='ocr_line' id='line_1_25' title="bbox 37 1820 949 1891; baseline -0.007 -16"><span class='ocrx_word' id='word_1_198' title='bbox 37 1828 98 1875; x_wconf 86' lang='lat' dir='ltr'>ritis</span> <span class='ocrx_word' id='word_1_199' title='bbox 107 1822 233 1878; x_wconf 87' lang='lat' dir='ltr'>hostibus,</span> <span class='ocrx_word' id='word_1_200' title='bbox 243 1822 324 1887; x_wconf 76' lang='lat' dir='ltr'>eoque</span> <span class='ocrx_word' id='word_1_201' title='bbox 335 1823 538 1891; x_wconf 83' lang='lat' dir='ltr'>desperantibus,</span> <span class='ocrx_word' id='word_1_202' title='bbox 547 1824 607 1886; x_wconf 83' lang='lat' dir='ltr'>quis</span> <span class='ocrx_word' id='word_1_203' title='bbox 618 1824 688 1872; x_wconf 90' lang='lat' dir='ltr'>soliti</span> <span class='ocrx_word' id='word_1_204' title='bbox 696 1823 847 1888; x_wconf 88' lang='lat' dir='ltr'>plerumque</span> <span class='ocrx_word' id='word_1_205' title='bbox 857 1820 949 1871; x_wconf 88' lang='lat' dir='ltr'>damna</span> 
     </span>
     <span class='ocr_line' id='line_1_26' title="bbox 37 1891 950 1962; baseline -0.004 -15"><span class='ocrx_word' id='word_1_206' title='bbox 37 1899 134 1947; x_wconf 82' lang='lat' dir='ltr'>estatis</span> <span class='ocrx_word' id='word_1_207' title='bbox 141 1896 254 1945; x_wconf 86' lang='lat' dir='ltr'>bibernis</span> <span class='ocrx_word' id='word_1_208' title='bbox 263 1896 396 1945; x_wconf 82' lang='lat' dir='ltr'>eventibus</span> <span class='ocrx_word' id='word_1_209' title='bbox 404 1913 526 1962; x_wconf 88' lang='lat' dir='ltr'>pensare,</span> <span class='ocrx_word' id='word_1_210' title='bbox 540 1906 594 1945; x_wconf 89' lang='lat' dir='ltr'>tum</span> <span class='ocrx_word' id='word_1_211' title='bbox 605 1907 689 1945; x_wconf 80' lang='lat' dir='ltr'>aestate</span> <span class='ocrx_word' id='word_1_212' title='bbox 700 1907 774 1959; x_wconf 87' lang='lat' dir='ltr'>atque</span> <span class='ocrx_word' id='word_1_213' title='bbox 782 1894 865 1962; x_wconf 83' lang='lat' dir='ltr'>hieme</span> <span class='ocrx_word' id='word_1_214' title='bbox 880 1891 950 1958; x_wconf 71' lang='lat' dir='ltr'>juxti</span> 
     </span>
     <span class='ocr_line' id='line_1_27' title="bbox 36 1966 948 2037; baseline -0.003 -19"><span class='ocrx_word' id='word_1_215' title='bbox 36 1970 208 2037; x_wconf 84' lang='lat' dir='ltr'>pellebantur.</span> <span class='ocrx_word' id='word_1_216' title='bbox 222 1969 275 2017; x_wconf 90' lang='lat' dir='ltr'>Nec</span> <span class='ocrx_word' id='word_1_217' title='bbox 290 1970 407 2033; x_wconf 65' lang='lat' dir='ltr'>Agricola</span> <span class='ocrx_word' id='word_1_218' title='bbox 417 1984 529 2032; x_wconf 82' lang='lat' dir='ltr'>unquam</span> <span class='ocrx_word' id='word_1_219' title='bbox 547 1986 593 2035; x_wconf 86' lang='lat' dir='ltr'>per</span> <span class='ocrx_word' id='word_1_220' title='bbox 607 1969 749 2035; x_wconf 73' lang='lat' dir='ltr'>aliosgesta</span> <span class='ocrx_word' id='word_1_221' title='bbox 761 1966 852 2017; x_wconf 87' lang='lat' dir='ltr'>aridus</span> <span class='ocrx_word' id='word_1_222' title='bbox 865 1968 948 2017; x_wconf 89' lang='lat' dir='ltr'>inter·</span> 
     </span>
     <span class='ocr_line' id='line_1_28' title="bbox 36 2034 948 2120; baseline -0.011 -19"><span class='ocrx_word' id='word_1_223' title='bbox 36 2047 107 2120; x_wconf 81' lang='lat' dir='ltr'>cepit</span> <span class='ocrx_word' id='word_1_224' title='bbox 115 2066 123 2101; x_wconf 77' lang='lat' dir='ltr'>t</span> <span class='ocrx_word' id='word_1_225' title='bbox 131 2034 175 2100; x_wconf 80' lang='lat' dir='ltr'>seu</span> <span class='ocrx_word' id='word_1_226' title='bbox 184 2043 311 2102; x_wconf 76' lang='lat' dir='ltr'>centurio,</span> <span class='ocrx_word' id='word_1_227' title='bbox 322 2058 366 2089; x_wconf 87' lang='lat' dir='ltr'>seu</span> <span class='ocrx_word' id='word_1_228' title='bbox 377 2038 528 2111; x_wconf 79' lang='lat' dir='ltr'>praefectus,</span> <span class='ocrx_word' id='word_1_229' title='bbox 539 2043 714 2109; x_wconf 85' lang='lat' dir='ltr'>incorruptum</span> <span class='ocrx_word' id='word_1_230' title='bbox 723 2040 784 2090; x_wconf 84' lang='lat' dir='ltr'>lacti</span> <span class='ocrx_word' id='word_1_231' title='bbox 793 2054 884 2091; x_wconf 86' lang='lat' dir='ltr'>testem</span> <span class='ocrx_word' id='word_1_232' title='bbox 899 2040 948 2091; x_wconf 84' lang='lat' dir='ltr'>ha-</span> 
     </span>
    </p>
   </div>
   <div class='ocr_carea' id='block_1_4' title="bbox 34 2105 993 3145">
    <p class='ocr_par' dir='ltr' id='par_1_4' title="bbox 36 2105 993 2416">
     <span class='ocr_line' id='line_1_29' title="bbox 36 2105 949 2191; baseline 0.002 -15"><span class='ocrx_word' id='word_1_233' title='bbox 36 2128 125 2177; x_wconf 88' lang='lat' dir='ltr'>bebat.</span> <span class='ocrx_word' id='word_1_234' title='bbox 141 2119 219 2187; x_wconf 84' lang='lat' dir='ltr'>Apud</span> <span class='ocrx_word' id='word_1_235' title='bbox 230 2106 355 2184; x_wconf 87' lang='lat' dir='ltr'>quosdam</span> <span class='ocrx_word' id='word_1_236' title='bbox 370 2108 485 2171; x_wconf 83' lang='lat' dir='ltr'>acerbior</span> <span class='ocrx_word' id='word_1_237' title='bbox 494 2105 521 2167; x_wconf 89' lang='lat' dir='ltr'>in</span> <span class='ocrx_word' id='word_1_238' title='bbox 536 2116 658 2171; x_wconf 79' lang='lat' dir='ltr'>conviciis</span> <span class='ocrx_word' id='word_1_239' title='bbox 668 2114 826 2191; x_wconf 68' lang='lat' dir='ltr'>narrabatur,</span> <span class='ocrx_word' id='word_1_240' title='bbox 835 2147 864 2179; x_wconf 86' lang='lat' dir='ltr'>ur</span> <span class='ocrx_word' id='word_1_241' title='bbox 875 2113 949 2182; x_wconf 77' lang='lat' dir='ltr'>bonis</span> 
     </span>
     <span class='ocr_line' id='line_1_30' title="bbox 36 2192 948 2261; baseline 0.008 -14"><span class='ocrx_word' id='word_1_242' title='bbox 36 2199 121 2251; x_wconf 85' lang='lat' dir='ltr'>comis</span> <span class='ocrx_word' id='word_1_243' title='bbox 131 2232 139 2255; x_wconf 89' lang='lat'>,</span> <span class='ocrx_word' id='word_1_244' title='bbox 149 2194 185 2244; x_wconf 69' lang='lat' dir='ltr'>iti</span> <span class='ocrx_word' id='word_1_245' title='bbox 196 2192 317 2243; x_wconf 76' lang='lat' dir='ltr'>advertiis</span> <span class='ocrx_word' id='word_1_246' title='bbox 326 2192 407 2241; x_wconf 87' lang='lat' dir='ltr'>malos</span> <span class='ocrx_word' id='word_1_247' title='bbox 418 2192 570 2261; x_wconf 83' lang='lat' dir='ltr'>injucundus</span> <span class='ocrx_word' id='word_1_248' title='bbox 580 2212 586 2241; x_wconf 93' lang='lat'>:</span> <span class='ocrx_word' id='word_1_249' title='bbox 598 2207 711 2243; x_wconf 85' lang='lat' dir='ltr'>ceterum</span> <span class='ocrx_word' id='word_1_250' title='bbox 723 2213 754 2245; x_wconf 87' lang='lat' dir='ltr'>ex</span> <span class='ocrx_word' id='word_1_251' title='bbox 768 2200 895 2253; x_wconf 78' lang='lat' dir='ltr'>iracundis</span> <span class='ocrx_word' id='word_1_252' title='bbox 905 2208 948 2254; x_wconf 83' lang='lat' dir='ltr'>ni-</span> 
     </span>
     <span class='ocr_line' id='line_1_31' title="bbox 38 2268 993 2335; baseline 0 -11"><span class='ocrx_word' id='word_1_253' title='bbox 38 2276 78 2325; x_wconf 87' lang='lat' dir='ltr'>bil</span> <span class='ocrx_word' id='word_1_254' title='bbox 86 2282 233 2335; x_wconf 77' lang='lat' dir='ltr'>supererat:</span> <span class='ocrx_word' id='word_1_255' title='bbox 245 2280 369 2317; x_wconf 87' lang='lat' dir='ltr'>secretum</span> <span class='ocrx_word' id='word_1_256' title='bbox 379 2280 405 2317; x_wconf 89' lang='lat' dir='ltr'>et</span> <span class='ocrx_word' id='word_1_257' title='bbox 417 2268 547 2317; x_wconf 82' lang='lat' dir='ltr'>silentium</span> <span class='ocrx_word' id='word_1_258' title='bbox 555 2268 609 2331; x_wconf 81' lang='lat' dir='ltr'>eius</span> <span class='ocrx_word' id='word_1_259' title='bbox 622 2284 673 2319; x_wconf 90' lang='lat' dir='ltr'>non</span> <span class='ocrx_word' id='word_1_260' title='bbox 682 2270 800 2321; x_wconf 85' lang='lat' dir='ltr'>timeres:</span> <span class='ocrx_word' id='word_1_261' title='bbox 816 2274 947 2330; x_wconf 78' lang='lat' dir='ltr'>honestius</span> <span class='ocrx_word' id='word_1_262' title='bbox 981 2314 993 2328; x_wconf 86' lang='lat'>..</span> 
     </span>
     <span class='ocr_line' id='line_1_32' title="bbox 38 2340 784 2416; baseline -0.004 -21"><span class='ocrx_word' id='word_1_263' title='bbox 38 2345 146 2416; x_wconf 81' lang='lat' dir='ltr'>putabat</span> <span class='ocrx_word' id='word_1_264' title='bbox 154 2342 300 2403; x_wconf 75' lang='lat' dir='ltr'>offendere,</span> <span class='ocrx_word' id='word_1_265' title='bbox 314 2340 390 2407; x_wconf 77' lang='lat' dir='ltr'>qulm</span> <span class='ocrx_word' id='word_1_266' title='bbox 401 2341 493 2391; x_wconf 80' lang='lat' dir='ltr'>odisse.</span> <span class='ocrx_word' id='word_1_267' title='bbox 782 2356 784 2359; x_wconf 83' lang='lat'>&#39;</span> 
     </span>
    </p>

    <p class='ocr_par' dir='ltr' id='par_1_5' title="bbox 34 2414 946 2854">
     <span class='ocr_line' id='line_1_33' title="bbox 70 2414 945 2488; baseline 0.009 -25"><span class='ocrx_word' id='word_1_268' title='bbox 70 2416 168 2488; x_wconf 71' lang='lat' dir='ltr'>xXlll·</span> <span class='ocrx_word' id='word_1_269' title='bbox 183 2419 278 2481; x_wconf 86' lang='lat' dir='ltr'>Quarta</span> <span class='ocrx_word' id='word_1_270' title='bbox 291 2427 362 2464; x_wconf 87' lang='lat' dir='ltr'>aestas</span> <span class='ocrx_word' id='word_1_271' title='bbox 374 2414 535 2477; x_wconf 78' lang='lat' dir='ltr'>obtinendis,</span> <span class='ocrx_word' id='word_1_272' title='bbox 550 2432 603 2480; x_wconf 75' lang='lat' dir='ltr'>quae</span> <span class='ocrx_word' id='word_1_273' title='bbox 618 2428 789 2481; x_wconf 83' lang='lat' dir='ltr'>percurrerat,</span> <span class='ocrx_word' id='word_1_274' title='bbox 800 2420 945 2486; x_wconf 87' lang='lat' dir='ltr'>insumpta:</span> 
     </span>
     <span class='ocr_line' id='line_1_34' title="bbox 38 2490 945 2557; baseline 0 -14"><span class='ocrx_word' id='word_1_275' title='bbox 38 2512 69 2543; x_wconf 87' lang='lat' dir='ltr'>ae</span> <span class='ocrx_word' id='word_1_276' title='bbox 82 2496 104 2541; x_wconf 88' lang='lat' dir='ltr'>si</span> <span class='ocrx_word' id='word_1_277' title='bbox 118 2494 196 2541; x_wconf 81' lang='lat' dir='ltr'>virtus</span> <span class='ocrx_word' id='word_1_278' title='bbox 206 2490 366 2539; x_wconf 79' lang='lat' dir='ltr'>exercituum</span> <span class='ocrx_word' id='word_1_279' title='bbox 377 2499 402 2537; x_wconf 86' lang='lat' dir='ltr'>et</span> <span class='ocrx_word' id='word_1_280' title='bbox 417 2491 525 2537; x_wconf 83' lang='lat' dir='ltr'>Romani</span> <span class='ocrx_word' id='word_1_281' title='bbox 539 2490 649 2539; x_wconf 85' lang='lat' dir='ltr'>nominis</span> <span class='ocrx_word' id='word_1_282' title='bbox 660 2491 739 2555; x_wconf 76' lang='lat' dir='ltr'>gloria</span> <span class='ocrx_word' id='word_1_283' title='bbox 751 2504 894 2557; x_wconf 87' lang='lat' dir='ltr'>pateretur,</span> <span class='ocrx_word' id='word_1_284' title='bbox 906 2498 945 2543; x_wconf 90' lang='lat' dir='ltr'>in-</span> 
     </span>
     <span class='ocr_line' id='line_1_35' title="bbox 37 2562 946 2629; baseline 0 -13"><span class='ocrx_word' id='word_1_285' title='bbox 37 2578 131 2617; x_wconf 86' lang='lat' dir='ltr'>rentus</span> <span class='ocrx_word' id='word_1_286' title='bbox 140 2568 165 2613; x_wconf 88' lang='lat' dir='ltr'>in</span> <span class='ocrx_word' id='word_1_287' title='bbox 176 2565 227 2629; x_wconf 68' lang='lat' dir='ltr'>ipsi</span> <span class='ocrx_word' id='word_1_288' title='bbox 239 2562 368 2612; x_wconf 76' lang='lat' dir='ltr'>liritauoid</span> <span class='ocrx_word' id='word_1_289' title='bbox 378 2576 410 2611; x_wconf 84' lang='lat' dir='ltr'>ter</span> <span class='ocrx_word' id='word_1_290' title='bbox 417 2564 513 2613; x_wconf 87' lang='lat' dir='ltr'>miuus.</span> <span class='ocrx_word' id='word_1_291' title='bbox 521 2562 586 2612; x_wconf 86' lang='lat' dir='ltr'>Nam</span> <span class='ocrx_word' id='word_1_292' title='bbox 594 2564 670 2613; x_wconf 73' lang='lat' dir='ltr'>(ilota</span> <span class='ocrx_word' id='word_1_293' title='bbox 679 2576 706 2613; x_wconf 88' lang='lat' dir='ltr'>et</span> <span class='ocrx_word' id='word_1_294' title='bbox 715 2564 843 2626; x_wconf 79' lang='lat' dir='ltr'>Bodotria,</span> <span class='ocrx_word' id='word_1_295' title='bbox 852 2566 946 2617; x_wconf 78' lang='lat' dir='ltr'>diversi</span> 
     </span>
     <span class='ocr_line' id='line_1_36' title="bbox 37 2636 945 2708; baseline 0.008 -23"><span class='ocrx_word' id='word_1_296' title='bbox 37 2640 117 2689; x_wconf 85' lang='lat' dir='ltr'>maria</span> <span class='ocrx_word' id='word_1_297' title='bbox 130 2636 230 2685; x_wconf 81' lang='lat' dir='ltr'>aestibus</span> <span class='ocrx_word' id='word_1_298' title='bbox 244 2652 290 2701; x_wconf 82' lang='lat' dir='ltr'>per</span> <span class='ocrx_word' id='word_1_299' title='bbox 308 2638 459 2685; x_wconf 83' lang='lat' dir='ltr'>immensum</span> <span class='ocrx_word' id='word_1_300' title='bbox 475 2648 592 2696; x_wconf 78' lang='lat' dir='ltr'>revecta,</span> <span class='ocrx_word' id='word_1_301' title='bbox 606 2649 712 2703; x_wconf 75' lang='lat' dir='ltr'>augusto</span> <span class='ocrx_word' id='word_1_302' title='bbox 728 2650 851 2689; x_wconf 86' lang='lat' dir='ltr'>terrarum</span> <span class='ocrx_word' id='word_1_303' title='bbox 864 2643 945 2708; x_wconf 82' lang='lat' dir='ltr'>spatio</span> 
     </span>
     <span class='ocr_line' id='line_1_37' title="bbox 36 2708 945 2781; baseline 0.004 -22"><span class='ocrx_word' id='word_1_304' title='bbox 36 2712 213 2775; x_wconf 72' lang='lat' dir='ltr'>dirimuntur,</span> <span class='ocrx_word' id='word_1_305' title='bbox 226 2708 295 2772; x_wconf 92' lang='lat' dir='ltr'>quud</span> <span class='ocrx_word' id='word_1_306' title='bbox 312 2720 366 2756; x_wconf 90' lang='lat' dir='ltr'>tum</span> <span class='ocrx_word' id='word_1_307' title='bbox 382 2708 504 2773; x_wconf 71' lang='lat' dir='ltr'>presidiis</span> <span class='ocrx_word' id='word_1_308' title='bbox 517 2710 680 2760; x_wconf 76' lang='lat' dir='ltr'>firmabatur:</span> <span class='ocrx_word' id='word_1_309' title='bbox 700 2724 776 2777; x_wconf 87' lang='lat' dir='ltr'>atque</span> <span class='ocrx_word' id='word_1_310' title='bbox 786 2716 869 2763; x_wconf 89' lang='lat' dir='ltr'>omnis</span> <span class='ocrx_word' id='word_1_311' title='bbox 881 2732 945 2781; x_wconf 87' lang='lat' dir='ltr'>pro·</span> 
     </span>
     <span class='ocr_line' id='line_1_38' title="bbox 34 2784 930 2854; baseline 0.007 -21"><span class='ocrx_word' id='word_1_312' title='bbox 34 2789 94 2854; x_wconf 90' lang='lat' dir='ltr'>pior</span> <span class='ocrx_word' id='word_1_313' title='bbox 105 2787 174 2831; x_wconf 84' lang='lat' dir='ltr'>sinus</span> <span class='ocrx_word' id='word_1_314' title='bbox 182 2784 329 2843; x_wconf 88' lang='lat' dir='ltr'>tenebatur,</span> <span class='ocrx_word' id='word_1_315' title='bbox 341 2784 473 2833; x_wconf 89' lang='lat' dir='ltr'>summotis</span> <span class='ocrx_word' id='word_1_316' title='bbox 485 2784 555 2833; x_wconf 88' lang='lat' dir='ltr'>relnt</span> <span class='ocrx_word' id='word_1_317' title='bbox 566 2787 592 2833; x_wconf 90' lang='lat' dir='ltr'>in</span> <span class='ocrx_word' id='word_1_318' title='bbox 602 2786 676 2837; x_wconf 85' lang='lat' dir='ltr'>aliam</span> <span class='ocrx_word' id='word_1_319' title='bbox 688 2788 794 2836; x_wconf 84' lang='lat' dir='ltr'>insulam</span> <span class='ocrx_word' id='word_1_320' title='bbox 806 2789 930 2839; x_wconf 86' lang='lat' dir='ltr'>hostibus.</span> 
     </span>
    </p>

    <p class='ocr_par' dir='ltr' id='par_1_6' title="bbox 35 2852 942 3145">
     <span class='ocr_line' id='line_1_39' title="bbox 70 2852 942 2927; baseline 0.006 -20"><span class='ocrx_word' id='word_1_321' title='bbox 70 2856 172 2907; x_wconf 86' lang='lat' dir='ltr'>XXlV.</span> <span class='ocrx_word' id='word_1_322' title='bbox 186 2858 284 2920; x_wconf 85' lang='lat' dir='ltr'>Quinto</span> <span class='ocrx_word' id='word_1_323' title='bbox 297 2852 487 2921; x_wconf 87' lang='lat' dir='ltr'>expeditionum</span> <span class='ocrx_word' id='word_1_324' title='bbox 499 2874 579 2918; x_wconf 91' lang='lat' dir='ltr'>anno,</span> <span class='ocrx_word' id='word_1_325' title='bbox 591 2877 652 2907; x_wconf 84' lang='lat' dir='ltr'>nare</span> <span class='ocrx_word' id='word_1_326' title='bbox 666 2860 745 2925; x_wconf 78' lang='lat' dir='ltr'>prirnd</span> <span class='ocrx_word' id='word_1_327' title='bbox 759 2874 942 2927; x_wconf 81' lang='lat' dir='ltr'>transgressus,</span> 
     </span>
     <span class='ocr_line' id='line_1_40' title="bbox 35 2928 942 3003; baseline 0.006 -25"><span class='ocrx_word' id='word_1_328' title='bbox 35 2928 174 2997; x_wconf 79' lang='lat' dir='ltr'>ignotarad</span> <span class='ocrx_word' id='word_1_329' title='bbox 182 2928 209 2977; x_wconf 90' lang='lat' dir='ltr'>id</span> <span class='ocrx_word' id='word_1_330' title='bbox 219 2943 319 2997; x_wconf 90' lang='lat' dir='ltr'>tempus</span> <span class='ocrx_word' id='word_1_331' title='bbox 327 2944 414 2994; x_wconf 81' lang='lat' dir='ltr'>gentes</span> <span class='ocrx_word' id='word_1_332' title='bbox 424 2931 519 2979; x_wconf 86' lang='lat' dir='ltr'>crebris</span> <span class='ocrx_word' id='word_1_333' title='bbox 529 2933 605 2980; x_wconf 89' lang='lat' dir='ltr'>simul</span> <span class='ocrx_word' id='word_1_334' title='bbox 613 2949 644 2980; x_wconf 80' lang='lat' dir='ltr'>ao</span> <span class='ocrx_word' id='word_1_335' title='bbox 653 2936 780 3000; x_wconf 83' lang='lat' dir='ltr'>prosperis</span> <span class='ocrx_word' id='word_1_336' title='bbox 791 2936 881 3003; x_wconf 81' lang='lat' dir='ltr'>praeliis</span> <span class='ocrx_word' id='word_1_337' title='bbox 891 2935 942 2983; x_wconf 89' lang='lat' dir='ltr'>do·</span> 
     </span>
     <span class='ocr_line' id='line_1_41' title="bbox 37 3004 942 3073; baseline 0 -20"><span class='ocrx_word' id='word_1_338' title='bbox 37 3005 117 3067; x_wconf 82' lang='lat' dir='ltr'>muit;</span> <span class='ocrx_word' id='word_1_339' title='bbox 129 3013 233 3066; x_wconf 82' lang='lat' dir='ltr'>eamque</span> <span class='ocrx_word' id='word_1_340' title='bbox 245 3015 344 3067; x_wconf 84' lang='lat' dir='ltr'>partem</span> <span class='ocrx_word' id='word_1_341' title='bbox 358 3004 558 3068; x_wconf 68' lang='lat' dir='ltr'>Britanniaque</span> <span class='ocrx_word' id='word_1_342' title='bbox 570 3006 719 3056; x_wconf 85' lang='lat' dir='ltr'>Hiberniam</span> <span class='ocrx_word' id='word_1_343' title='bbox 732 3004 852 3073; x_wconf 77' lang='lat' dir='ltr'>adspicit,</span> <span class='ocrx_word' id='word_1_344' title='bbox 862 3007 942 3071; x_wconf 84' lang='lat' dir='ltr'>copiis</span> 
     </span>
     <span class='ocr_line' id='line_1_42' title="bbox 35 3074 942 3145; baseline 0 -18"><span class='ocrx_word' id='word_1_345' title='bbox 35 3075 167 3137; x_wconf 83' lang='lat' dir='ltr'>iustruxit,</span> <span class='ocrx_word' id='word_1_346' title='bbox 184 3074 208 3122; x_wconf 86' lang='lat' dir='ltr'>in</span> <span class='ocrx_word' id='word_1_347' title='bbox 224 3092 295 3140; x_wconf 83' lang='lat' dir='ltr'>spem</span> <span class='ocrx_word' id='word_1_348' title='bbox 311 3078 404 3139; x_wconf 75' lang='lat' dir='ltr'>magia,</span> <span class='ocrx_word' id='word_1_349' title='bbox 417 3076 494 3139; x_wconf 83' lang='lat' dir='ltr'>qulam</span> <span class='ocrx_word' id='word_1_350' title='bbox 509 3078 542 3127; x_wconf 95' lang='lat' dir='ltr'>ob</span> <span class='ocrx_word' id='word_1_351' title='bbox 555 3078 734 3129; x_wconf 85' lang='lat' dir='ltr'>formidinem:</span> <span class='ocrx_word' id='word_1_352' title='bbox 754 3081 877 3145; x_wconf 89' lang='lat' dir='ltr'>siquidem</span> <span class='ocrx_word' id='word_1_353' title='bbox 892 3078 942 3127; x_wconf 81' lang='lat' dir='ltr'>lli-</span> 
     </span>
    </p>
   </div>
   <div class='ocr_carea' id='block_1_5' title="bbox 35 3148 1032 3218">
    <p class='ocr_par' dir='ltr' id='par_1_7' title="bbox 35 3148 1032 3218">
     <span class='ocr_line' id='line_1_43' title="bbox 35 3148 1032 3218; baseline -0.001 -16"><span class='ocrx_word' id='word_1_354' title='bbox 35 3151 121 3202; x_wconf 84' lang='lat' dir='ltr'>bernia</span> <span class='ocrx_word' id='word_1_355' title='bbox 129 3184 137 3212; x_wconf 86' lang='lat'>,</span> <span class='ocrx_word' id='word_1_356' title='bbox 146 3148 231 3196; x_wconf 85' lang='lat' dir='ltr'>medio</span> <span class='ocrx_word' id='word_1_357' title='bbox 242 3151 308 3197; x_wconf 89' lang='lat' dir='ltr'>inter</span> <span class='ocrx_word' id='word_1_358' title='bbox 318 3152 474 3198; x_wconf 88' lang='lat' dir='ltr'>Britanniam</span> <span class='ocrx_word' id='word_1_359' title='bbox 486 3164 561 3216; x_wconf 87' lang='lat' dir='ltr'>atque</span> <span class='ocrx_word' id='word_1_360' title='bbox 575 3154 594 3201; x_wconf 87' lang='lat' dir='ltr'>il</span> <span class='ocrx_word' id='word_1_361' title='bbox 600 3154 722 3218; x_wconf 84' lang='lat' dir='ltr'>ispaniam</span> <span class='ocrx_word' id='word_1_362' title='bbox 731 3156 793 3217; x_wconf 87' lang='lat' dir='ltr'>sita,</span> <span class='ocrx_word' id='word_1_363' title='bbox 807 3166 832 3203; x_wconf 87' lang='lat' dir='ltr'>et</span> <span class='ocrx_word' id='word_1_364' title='bbox 843 3152 941 3201; x_wconf 82' lang='lat' dir='ltr'>Gallico</span> <span class='ocrx_word' id='word_1_365' title='bbox 1024 3170 1032 3209; x_wconf 66' lang='lat' dir='ltr'>j</span> 
     </span>
    </p>
   </div>
   <div class='ocr_carea' id='block_1_6' title="bbox 24 3221 941 3363">
    <p class='ocr_par' dir='ltr' id='par_1_8' title="bbox 24 3221 941 3363">
     <span class='ocr_line' id='line_1_44' title="bbox 24 3221 940 3291; baseline 0.001 -19"><span class='ocrx_word' id='word_1_366' title='bbox 24 3237 137 3291; x_wconf 35' lang='lat' dir='ltr'>*quoque</span> <span class='ocrx_word' id='word_1_367' title='bbox 149 3221 214 3268; x_wconf 87' lang='lat' dir='ltr'>mari</span> <span class='ocrx_word' id='word_1_368' title='bbox 225 3224 383 3287; x_wconf 82' lang='lat' dir='ltr'>opportuna,</span> <span class='ocrx_word' id='word_1_369' title='bbox 402 3224 599 3273; x_wconf 81' lang='lat' dir='ltr'>valentissimam</span> <span class='ocrx_word' id='word_1_370' title='bbox 615 3227 714 3290; x_wconf 86' lang='lat' dir='ltr'>imperii</span> <span class='ocrx_word' id='word_1_371' title='bbox 728 3238 826 3291; x_wconf 86' lang='lat' dir='ltr'>partem</span> <span class='ocrx_word' id='word_1_372' title='bbox 842 3223 940 3287; x_wconf 72' lang='lat' dir='ltr'>magnis</span> 
     </span>
     <span class='ocr_line' id='line_1_45' title="bbox 35 3290 941 3363; baseline -0.008 -15"><span class='ocrx_word' id='word_1_373' title='bbox 35 3297 144 3349; x_wconf 79' lang='lat' dir='ltr'>invicem</span> <span class='ocrx_word' id='word_1_374' title='bbox 154 3290 386 3349; x_wconf 73' lang='lat' dir='ltr'>rubuamiscucrit·</span> <span class='ocrx_word' id='word_1_375' title='bbox 394 3294 509 3361; x_wconf 82' lang='lat' dir='ltr'>Spatium</span> <span class='ocrx_word' id='word_1_376' title='bbox 519 3295 573 3361; x_wconf 79' lang='lat' dir='ltr'>ejus</span> <span class='ocrx_word' id='word_1_377' title='bbox 579 3330 588 3358; x_wconf 91' lang='lat'>‚</span> <span class='ocrx_word' id='word_1_378' title='bbox 596 3298 759 3348; x_wconf 76' lang='lat' dir='ltr'>s&#39;rBritsnniae</span> <span class='ocrx_word' id='word_1_379' title='bbox 769 3304 941 3363; x_wconf 80' lang='lat' dir='ltr'>comparetur,</span> 
     </span>
    </p>
   </div>
   <div class='ocr_carea' id='block_1_7' title="bbox 734 3368 792 3420">
    <p class='ocr_par' dir='ltr' id='par_1_9' title="bbox 734 3368 792 3420">
     <span class='ocr_line' id='line_1_46' title="bbox 734 3368 792 3420; baseline 0.017 -1"><span class='ocrx_word' id='word_1_380' title='bbox 734 3368 792 3420; x_wconf 68' lang='lat' dir='ltr'>Ni</span> 
     </span>
    </p>
   </div>
   <div class='ocr_carea' id='block_1_8' title="bbox 0 0 1057 3709">
    <p class='ocr_par' dir='ltr' id='par_1_10' title="bbox 0 0 1057 3709">
     <span class='ocr_line' id='line_1_47' title="bbox 0 0 1057 3709; baseline 0 0"><span class='ocrx_word' id='word_1_381' title='bbox 0 0 1057 3709; x_wconf 95' lang='lat' dir='ltr'> </span> 
     </span>
    </p>
   </div>
  </div>
 </body>
</html>
