2100 3709
244 111 250 116 =
288 25 524 101 isrsroararrust
548 55 611 102 nra.
632 67 687 104 111.
890 55 938 128 dqr

8 159 56 196 art
72 146 257 196 incalescerent
266 144 516 196 n..Ver⁴nile·dictum
527 163 628 196 omnem
640 146 763 198 invidiam
771 149 796 199 in
809 133 867 200 etim
882 169 942 203 rer-

7 224 76 281 tir,
91 232 216 285 tanquam
229 218 521 285 osignnnrincendendae
533 221 664 271 Cremona
675 222 818 285 dedisset»,
828 242 880 291 quac
892 227 942 290 iarn

11 296 168 359 flagrabat.
948 351 953 358 .

51 366 188 418 XXXIII.
216 365 388 432 Quadraginta
407 378 560 416 armatorum
579 366 659 415 millia
678 367 804 434 irrupere,
823 371 942 424 calonum

8 441 194 506 lixarumque
208 441 316 505 amplior
328 456 464 498 numerus,
483 454 509 491 et
523 443 550 490 in
564 441 698 492 libidinem
708 459 737 490 ac
749 445 869 494 sevitiam
884 463 943 495 cor·

17 517 153 582 ruptior,
164 515 222 567 Non
241 514 362 579 dignitas,
381 532 432 562 non
452 527 510 565 aetat
520 517 691 580 protegebat,
706 519 841 580 quominus
856 531 944 585 stupra

18 588 160 651 caedibus,
183 587 262 637 caedes
274 588 371 654 stupris
389 588 564 636 miscerentur.
584 587 737 638 Grandaros
750 607 834 654 senes,
854 582 944 642 exacta

19 669 108 712 aetate
131 661 246 721 feminas,
265 662 328 711 viler
347 660 379 709 ad
399 662 528 727 praedam,
545 662 569 710 irr
581 662 722 712 ludibrium
740 663 879 714 trabebant.
893 667 944 714 Ubi

20 733 123 786 adulta
135 739 207 802 virgo
215 775 222 797 ,
235 747 279 785 aut
290 737 345 799 quir
354 736 437 785 formal
451 738 603 802 conspicuus
614 737 756 797 incidisset,
773 740 800 786 vi
813 739 944 788 munibus·

23 825 84 874 que
102 809 258 875 rapientium
275 808 402 866 divulsus,
416 810 483 874 ipsos
495 807 624 875 postrenrb
642 809 782 876 direptores
792 811 817 858 in
829 823 945 860 mutuam

25 883 178 949 perniciem
199 883 303 947 agebat:
320 881 380 930 dum
393 885 542 948 pecuniam,
562 883 602 932 vel
617 885 702 946 gravia
715 901 776 932 auro
792 885 946 950 templorum

24 957 119 1017 dona,
139 956 186 1004 sibi
205 957 310 1020 quisque
329 955 449 1022 trabunt,
467 957 562 1019 majore
582 957 689 1005 aliorum
711 960 945 1008 ritruncabantur.

27 1030 149 1096 Quidam
162 1029 236 1078 obvia
251 1028 412 1093 adspernati,
426 1031 571 1078 verberibus
586 1031 767 1094 tormentisque
784 1031 945 1082 dominorum

26 1102 123 1153 abdita
137 1102 260 1165 scrutari,
280 1100 381 1149 delosra
398 1118 496 1151 eruere.
509 1104 587 1152 Faces
609 1105 634 1151 in
653 1106 769 1153 manibus
784 1125 790 1153 :
805 1123 880 1170 quas,
901 1105 947 1154 ubi
961 1103 965 1111 '

25 1177 145 1246 praedam
158 1186 302 1243 egesserant
309 1210 316 1236 ,
336 1173 361 1222 iu
372 1191 462 1223 vacuas
473 1175 578 1237 domos,
589 1189 614 1224 et
626 1177 709 1224 inania
722 1180 828 1244 templa,
840 1197 883 1244 per
892 1179 947 1228 las-

8 1306 13 1314 ,
28 1252 130 1300 civium
140 1249 330 1315 jaculabantur:
344 1258 420 1310 utque
434 1249 560 1307 exercitu,
573 1251 642 1296 vario
652 1251 743 1314 linguis
753 1254 894 1310 ,·nroribus,
906 1253 947 1300 cui

28 1327 120 1382 cives,
141 1323 220 1387 socii,
241 1323 341 1369 externi
358 1322 524 1382 interessent,
545 1321 648 1369 diversae
668 1321 813 1386 cupidines,
835 1336 860 1372 et
878 1325 947 1374 aliud

29 1399 129 1461 cuique
148 1395 198 1456 las,
214 1393 414 1457 necquidquam
434 1394 566 1444 illicitum.
584 1394 633 1442 Per·
647 1395 810 1458 quatriduum
823 1397 947 1446 Cremona

29 1470 147 1523 srrlleoit.
160 1472 245 1534 Quum
257 1469 343 1516 omnia
360 1484 427 1517 sacra
438 1468 593 1533 prolanaqrre
604 1469 629 1516 iu
643 1469 700 1532 igue
717 1469 886 1529 corrriderent,
902 1487 948 1518 sa-

27 1547 90 1594 lum
103 1541 228 1609 Mephitis
242 1542 368 1610 templum
377 1542 448 1592 stetit
458 1553 516 1593 ante
528 1542 636 1609 moenia,
647 1542 718 1603 loco,
731 1557 774 1592 seu
785 1544 888 1592 numine
899 1544 947 1592 de-
1012 1581 1020 1592 ,

30 1616 151 1670 sensum.

67 1689 196 1740 XXXIV.
209 1688 257 1738 Hic
267 1690 350 1740 exitur
366 1690 511 1750 Cremonae,
527 1704 593 1736 anno
606 1686 780 1740 ducentesimo
792 1693 963 1758 octogesimo¹

32 1777 112 1816 sexto
119 1764 133 1812 ir
140 1763 281 1830 primordio
291 1762 339 1813 sul.
346 1763 454 1812 Condita
463 1776 524 1822 erat,
533 1764 591 1812 Tib.
601 1765 752 1830 Sempronio
759 1777 784 1814 et
792 1765 820 1814 P.
828 1767 948 1816 Cornelio

32 1839 202 1895 consulibus,
215 1841 348 1904 ingruente
362 1840 388 1886 in
405 1840 505 1888 ltaliam
517 1837 659 1900 Annibale,
672 1841 888 1907 propugnaculum
903 1838 949 1890 ad-

32 1929 129 1962 versus
144 1912 244 1969 Gallos,
262 1923 331 1960 trans
342 1911 440 1960 Padum
454 1922 568 1978 agentes,
578 1921 603 1958 et
614 1912 636 1959 ri
650 1929 698 1975 qua
709 1913 756 1959 alia
770 1914 807 1960 vis
816 1929 861 1979 per
870 1911 950 1978 Alpes
1031 1913 1034 1926 '

33 1996 134 2036 rueret.
147 1984 227 2048 Igitur
237 2000 344 2031 numero
355 1983 713 2048 colonorum,opportunitate
721 1983 949 2043 llunrinum,uber'e

34 2060 106 2125 agri,
127 2074 229 2106 annexu
245 2057 430 2119 connubiisque
449 2058 580 2119 gentium,
592 2056 702 2103 adolevit
714 2059 864 2121 floruitque,
875 2057 959 2106 bellis.
1006 2081 1009 2086 ·

36 2133 151 2182 externis
163 2132 273 2187 intacta,
286 2130 404 2177 civilibus
417 2127 516 2179 inlelix.
531 2128 656 2176 Antonius
672 2127 769 2192 pudore
779 2131 883 2193 flagitii,
895 2146 951 2178 cre-

36 2207 174 2254 brescente
187 2203 296 2261 insidia,
309 2201 405 2263 edixit,
418 2218 470 2249 one
483 2202 539 2265 quis
557 2201 740 2249 Cremonenses
754 2201 868 2266 captiro's
881 2201 950 2248 deti-

36 2290 137 2329 neret»
149 2297 155 2327 ε
170 2279 319 2341 irritamque
330 2275 441 2342 praedam
452 2274 580 2324 militibus
595 2273 709 2322 effecerat
719 2291 855 2324 consensus
863 2273 950 2338 ltaliae,

38 2353 199 2418 emptionem
220 2353 308 2400 talium
326 2352 511 2417 mancipiorum
523 2349 708 2415 adspernantis.
728 2348 817 2397 Occidi
835 2349 951 2415 coeperet

41 2425 113 2493 quod
128 2426 171 2473 ubi
188 2426 304 2481 enotuit,
319 2423 334 2471 al
348 2423 496 2488 propinquis
513 2421 677 2485 affinibusque
693 2421 791 2470 occultb
803 2420 950 2487 redempta-

39 2503 136 2549 bantur
150 2517 155 2545 :
170 2513 230 2546 mox
242 2497 320 2547 rediit
332 2498 482 2545 Cremonam
494 2497 606 2559 reliquus
618 2495 729 2560 populus
742 2512 748 2542 ι
762 2495 872 2559 reposita
881 2493 950 2557 lora,

42 2574 203 2639 templaque,
214 2572 387 2621 munificentia
396 2573 567 2636 municipum:
580 2581 606 2619 et
616 2569 784 2634 Vespasianus
793 2566 950 2622 hortabatur.

74 2649 188 2697 XXXV.
213 2645 333 2697 Ceterrim
351 2645 466 2695 adsidere
479 2645 582 2711 sepulte
600 2645 669 2692 urbis
687 2643 780 2704 ruinis,
799 2641 874 2690 nortia
892 2641 951 2689 tabo

41 2720 138 2769 lrrrmus
148 2719 216 2768 haud
227 2719 271 2767 diu
283 2720 416 2784 permisit:
435 2719 467 2766 ad
481 2719 583 2766 tertium
592 2717 703 2783 lapidem
719 2717 858 2781 progressi,
874 2727 951 2777 vagos

42 2805 215 2861 parentesque
235 2793 401 2856 Vitellianos,
417 2808 460 2840 sua
478 2807 606 2855 quemque
619 2791 685 2856 apud
701 2789 770 2853 signa
784 2799 951 2854 componunt.

42 2871 77 2919 Et
90 2871 160 2915 victae
172 2868 299 2931 legiones,
317 2885 348 2915 ue
361 2879 479 2916 manente
497 2866 581 2914 adbuc
593 2867 663 2914 civili
679 2865 749 2913 bello
762 2863 878 2928 ambigue
890 2880 952 2928 age·

42 2957 117 3004 rent,
128 2959 173 3008 per
184 2940 316 3008 Illyricum
329 2942 456 3008 dispersae.
466 2944 496 2990 In
508 2941 665 2990 Britanniam
678 2939 752 2998 inde,
766 2951 791 2986 et
805 2938 951 3002 Hispanias,
976 2941 979 2948 ⁴

42 3019 148 3072 nuntios
159 3015 321 3081 famamque,
333 3018 358 3066 in
370 3019 482 3066 Galliam
498 3019 595 3066 lulium
613 3013 753 3076 Calenum,
766 3015 908 3067 tribunum,
926 3013 953 3056 in

42 3091 207 3144 Germaniam
219 3090 343 3156 Alpinum
357 3093 520 3153 Montanum,
532 3090 675 3157 praelectum
686 3088 795 3138 cohortis
807 3120 814 3145 ‚
830 3079 899 3146 qttbtl
910 3080 951 3128 llic

42 3167 150 3224 Trevir,
160 3164 269 3212 Calenus
278 3164 387 3222 AEduus,
401 3178 507 3230 uterque
515 3162 649 3214 Vitelliani
657 3161 770 3220 lucrant,
782 3153 891 3203 ostentui
901 3154 952 3200 mi·

44 3241 109 3290 edre.
123 3234 204 3286 Simul
218 3238 337 3285 transitus
348 3237 451 3303 Alpium
464 3235 587 3304 presidiis
600 3235 734 3300 occupati5
752 3225 868 3294 suspecta
882 3225 952 3282 Gerf

42 3311 143 3374 mania,
164 3323 283 3379 tanquam
293 3313 320 3364 in
332 3314 455 3366 auxilium
467 3311 567 3369 Vitellii
580 3312 767 3428 accingereturlg
785 3376 802 3426 4
