2100 3709
338 47 516 92 urrunnu
534 57 598 96 m.
615 61 680 100 xrr.
909 35 958 90 ¹63

42 125 955 205 arripientiumrrrrrrncernrm:procuratrrnuntimodutih

42 212 210 252 statueretur
219 200 299 251 immd
309 203 500 269 documentum,
509 229 560 274 quo
568 219 673 254 osorem
682 205 816 268 imperator
825 204 957 270 accipertts

40 272 78 324 At
89 276 169 323 euim
176 309 183 332 ,
195 291 261 322 nora
272 276 345 325 nobis
356 279 382 326 in
395 279 499 329 fratrum
508 279 572 326 filias
581 279 697 341 conjugia
708 294 714 324 ι
724 274 768 326 sed
779 277 959 342 aliisgentlbus

42 349 185 411 solennia,
197 365 277 413 oeque
289 353 343 416 lege
354 355 404 400 uita
414 351 595 416 prohibitss'et
606 352 765 400 sobrinarum
774 350 819 400 diu
829 353 957 414 ignorata,

44 435 171 490 tempore
180 422 267 472 addito
279 426 450 489 percrebuisse
464 445 469 475 :
481 411 581 475 mortim
592 425 791 484 accommodari,
805 435 882 490 prout
895 439 960 472 con·

47 497 146 559 ducat,
162 509 187 546 et
201 498 254 545 lore
265 499 312 548 lroc
324 517 423 566 quoque
435 503 461 549 in
473 502 526 557 irie,
542 517 594 564 qure
608 515 667 548 rnos
680 511 863 565 usurpentur».

79 571 148 622 v11.
165 571 242 620 Haud
256 568 358 622 deluere
373 576 417 637 qui
434 575 564 630 certatim,
583 575 629 623 «ri
643 585 804 622 cunctaretur
823 573 920 629 Cesar,
936 568 964 618 vi

45 656 175 694 acturoso
188 638 365 713 testificantes²
374 662 535 718 erumperent
545 649 624 698 curii.
637 645 963 714 conglobaturpromitcue

45 717 211 780 multitudo,
224 715 415 784 «populumque
424 724 567 770 Romanum
575 720 663 767 eadem
673 737 764 768 orares
776 719 897 768 clamitat.
909 716 964 766 Nee

45 788 178 841 Claudius
190 790 256 840 ultr‘a
266 807 425 857 exspectato,
436 794 539 842 obvium
549 792 617 859 apud
629 792 713 840 lorum
723 793 815 858 praebet
824 807 850 840 se
861 803 964 856 gratae-

45 865 128 920 tihus‚
140 878 307 930 senatumque
317 864 453 930 ingressui,
464 883 478 914 o
488 866 618 916 decretum
628 865 749 928 postulat,
760 879 810 929 quo
819 862 889 926 juttae
900 866 965 912 inter

46 949 160 1004 patruos
167 939 323 1002 fratrumque
333 939 396 986 filiae
406 940 498 1004 nuptie
505 941 583 990 etiam
593 939 619 988 in
627 949 756 1003 porterum
763 949 965 986 statuerentur».

45 1009 140 1075 Neque
154 1023 239 1058 tumeo
250 1018 365 1074 repertus
376 1023 426 1087 eqt,
442 1015 490 1060 nisi
502 1029 568 1063 uuus
578 1013 634 1062 talir
644 1011 800 1059 matrimonii
811 1013 921 1074 cupitor,
930 1007 965 1056 T.
1048 1052 1050 1057 ,

48 1082 175 1134 Attertirrr
188 1083 311 1140 Severus,
327 1098 404 1146 eques
422 1085 567 1146 Romanus,
585 1100 659 1147 quem
674 1085 786 1148 plerique
800 1081 965 1148 uAgrippinar
1046 1080 1050 1103 ¹

49 1157 135 1221 gratie
148 1154 286 1221 impulsum
293 1173 308 1202 u
319 1151 443 1203 ferebant.
453 1157 533 1205 Versa
542 1172 573 1204 ex
582 1173 612 1210 eo
621 1159 724 1216 civitae,
734 1167 759 1204 et
769 1169 858 1204 cuucta
867 1156 966 1204 semine
1044 1178 1050 1193 ·

50 1232 219 1285 obediebant.
229 1248 279 1278 non
291 1246 337 1295 per
345 1231 483 1290 lasciviam,
495 1242 522 1279 ut
532 1231 685 1288 Messalline,
695 1231 769 1279 rebus
778 1233 898 1280 Romanis
907 1230 967 1278 ittu-

50 1305 123 1354 denti
135 1325 142 1354 ι
159 1303 315 1364 adductum,
331 1313 356 1350 et
367 1305 437 1365 quasi
450 1303 521 1349 virile
534 1301 665 1349 servitium
677 1320 683 1348 ι
693 1305 777 1365 palem
788 1305 924 1359 severiter,
935 1317 966 1352 ec
1043 1284 1050 1361 2

51 1377 144 1445 tepida
158 1375 276 1444 super-bia
290 1392 296 1423 :
310 1373 372 1422 nilril
385 1374 456 1423 domi
466 1372 623 1438 impudicum
633 1406 640 1428 ,
652 1373 701 1420 utri
714 1375 880 1424 dominationi
889 1387 967 1440 erpet-

52 1453 120 1502 diret
133 1472 139 1502 :
156 1451 252 1518 cupido
267 1451 321 1498 auri
334 1449 456 1498 immensa
465 1450 600 1498 obtentum
610 1443 718 1494 babebat
725 1481 733 1507 ,
745 1450 817 1512 quari
826 1449 966 1499 subsidium

53 1541 134 1590 regno
145 1535 289 1591 pararetur.

86 1598 168 1648 Vlll.
182 1598 230 1646 Die
246 1592 391 1659 nuptiarum
408 1593 508 1642 Silanun
524 1593 573 1641 sibi
589 1602 698 1640 mortem
717 1592 841 1642 conscivit
853 1610 859 1641 :
869 1593 923 1643 aire
935 1593 969 1644 etl
1046 1646 1050 1659 1

53 1687 137 1737 usque
147 1687 220 1737 spem
230 1663 286 1717 vite
296 1665 466 1734 produxerat,
477 1667 632 1729 reudelecto
642 1665 696 1728 die,
706 1667 844 1730 augendam
856 1667 889 1716 ad
902 1669 970 1716 iuvi·

54 1744 139 1796 diam.
159 1745 283 1802 Calvina,
300 1759 372 1796 soror
388 1743 455 1802 eius,
473 1741 546 1791 tulit
560 1742 631 1806 pulsa
648 1750 695 1792 est.
708 1739 968 1800 Addidrt'lllaud'rus,
1044 1786 1050 1803 ,

58 1837 158 1870 «sacra
169 1818 308 1883 exlegibus
318 1815 388 1879 Tulli
400 1816 475 1881 regis,
485 1815 632 1882 piaculaque
644 1813 711 1879 apud
728 1815 817 1864 lucum
830 1813 912 1864 Diana
924 1829 970 1880 per

54 1893 195 1962 pontifices
208 1889 311 1940 dandas
325 1889 502 1939 :irridentibus
513 1888 612 1936 cunctis
619 1923 626 1947 ,
639 1885 708 1950 qudd
720 1901 799 1952 poene
808 1889 969 1952 procuratio-

59 1968 162 2036 nesque
172 1968 261 2015 incesti
273 1964 299 2013 id
310 1964 432 2031 temporit
442 1963 644 2028 exquirerentur:
654 1961 689 2012 At
699 1963 846 2028 Agrippina,
856 1977 888 2010 rre
898 1961 973 2011 malit

58 2042 164 2093 tautirm
173 2038 326 2090 facinoribus
337 2049 490 2105 notesceret,
504 2037 606 2084 reniam
616 2035 695 2084 exsilii
705 2051 751 2100 pro
761 2037 853 2083 Anneo
862 2033 970 2092 Seueri,

59 2115 140 2166 simul
153 2126 285 2181 praeturam
298 2114 418 2176 impetrat
426 2110 530 2172 [latum
541 2110 566 2156 in
576 2109 707 2172 publicum
717 2118 783 2165 rata,
794 2109 827 2156 ob
836 2109 882 2154 clar
890 2107 971 2156 itudi-

60 2207 122 2240 nem
133 2187 275 2238 studiorum
286 2179 351 2248 ejus,
361 2194 438 2246 utque
452 2180 556 2229 Domitii
567 2181 674 2245 pueritia
687 2179 732 2228 tali
744 2182 862 2244 magistro
871 2181 973 2228 adoles·

63 2274 151 2323 ceret,
164 2275 189 2310 et
198 2260 309 2319 consiliis
319 2256 432 2320 ejusdem
444 2253 476 2302 ad
485 2267 556 2318 spem
566 2252 749 2302 dominationis
758 2263 887 2302 uterentur
898 2272 904 2302 :
914 2254 973 2317 quia
1037 2261 1043 2276 ¹

67 2339 164 2386 Seneca
176 2335 240 2384 fidus
256 2335 282 2380 in
291 2330 456 2398 Agrippinam
468 2327 589 2379 memorii
597 2327 726 2384 beneficii,
736 2337 761 2376 et
771 2323 882 2376 inlennrr
895 2329 974 2376 Cleu-

65 2411 109 2462 dio
124 2411 214 2459 dolore
230 2407 343 2471 injurie,
359 2403 518 2452 credebatur.

101 2485 153 2534 tx.
167 2483 294 2532 Placitum
307 2479 398 2527 dehinc
409 2494 461 2526 non
472 2473 539 2523 utut
551 2471 680 2540 crrnctari3
691 2468 901 2534 redrdesignatum
913 2487 977 2521 con·-

67 2559 166 2615 sulem.
185 2554 337 2611 Memmium
355 2552 513 2610 Pollionem,
530 2546 676 2611 ingentibus
692 2547 820 2610 promissit
837 2543 978 2605 inducunt‚'
1049 2540 1050 2543 '

67 2631 220 2681 sententiam
232 2614 395 2693 expromere,
406 2622 455 2688 qud
468 2632 583 2670 oraretur
592 2617 724 2672 Claudius,
742 2615 919 2684 oderpondere
928 2613 989 2676 Οοηἱ

69 2705 166 2753 tariaru
182 2702 318 2752 Domitiou
332 2719 338 2749 :
355 2699 424 2765 quod
439 2697 503 2747 atati
518 2696 651 2757 utriusque
663 2709 713 2744 uon
723 2691 874 2752 absurdum,
884 2706 910 2742 et
920 2709 977 2743 ma-

68 2776 122 2842 jora
134 2777 318 2844 patefacturum
331 2787 392 2824 erat.
408 2771 490 2824 Pollio
500 2767 567 2820 baud
582 2767 722 2832 disparibus
739 2767 837 2826 verbis,
854 2785 882 2816 nc
898 2783 979 2834 nuper

68 2852 191 2914 Vitellius
201 2848 313 2909 ,censetz
324 2847 543 2916 despondeturque
550 2843 654 2892 Octavia
663 2876 670 2900 ‚
679 2857 707 2890 ac
715 2877 721 2896 ,
730 2857 805 2911 super
814 2843 924 2907 priorem
934 2857 981 2892 ne-

1 2956 2 2959 =
72 2924 267 2984 certitudinem,
283 2939 390 2990 sponsus
405 2921 470 2985 iarn,
489 2931 515 2970 et
529 2933 606 2982 gener
618 2915 760 2976 Domitius,
772 2917 863 2978 equari
879 2915 981 2964 Briton-

69 2999 129 3047 nieo
138 2996 241 3051 ,studiir
250 3000 336 3046 matris
345 3034 352 3059 ‚
361 3008 414 3045 arte
424 3011 522 3054 eorum,
532 2990 600 3058 quir,
608 2991 640 3039 ob
648 3001 788 3040 accuratam
799 2989 980 3055 Merselliuam,

71 3072 137 3123 ultio
149 3087 181 3119 ex
196 3071 249 3119 lilio
262 3071 407 3121 timebatur.
485 3106 488 3115 ,

103 3145 137 3194 x;
153 3144 200 3194 Per·
210 3143 278 3194 idem
289 3157 389 3210 tempus
401 3142 476 3204 legati
486 3131 639 3190 Parthorum
654 3135 686 3184 ad
700 3133 882 3200 expetendum,
897 3143 927 3181 ut
938 3147 980 3180 re-

73 3217 136 3276 tuli,
147 3217 310 3268 Meherdaten
317 3218 387 3266 missi
394 3228 512 3266 'senatum
519 3206 906 3274 ingrediuntur‚mandataqpein
914 3202 981 3252 lrunc

75 3291 184 3344 t'nodrrm
198 3292 325 3361 incipiunt
341 3308 347 3344 r
364 3307 381 3342 e
392 3292 450 3342 Non
461 3304 487 3339 se
502 3282 603 3336 foederis
616 3284 732 3348 mount,
750 3290 797 3328 nec
813 3274 981 3329 deiectionel
