2100 3709
119 91 169 147 tas
439 110 464 149 c.
482 111 575 149 conr.
592 110 705 151 rtcrrr

118 189 338 257 praenestini
328 208 343 239 a
354 191 458 243 Vitellio
470 195 501 243 ad
513 196 625 261 legiones
637 198 798 261 legatosque,
810 196 855 261 qni
873 193 1043 245 edeseieisse

81 278 89 285 ·
118 264 225 315 ὺιῦιιιιι
238 270 394 330 superiorem
413 272 574 317 exercitum»
592 272 755 319 nuntiarent:
770 272 899 337 «proinde
919 282 966 318 aut
979 268 1043 323 beli

119 338 224 406 landum
237 336 356 388 adversm
373 340 555 398 desciscentes,
571 326 645 388 aud'
627 358 646 388 ιι
662 344 797 392 concordia
813 358 838 391 et
853 360 905 409 pax
919 334 1043 408 placeat
1031 376 1043 393 ,

118 411 279 460 faciendum'
272 426 470 480 imperatorem:
483 428 509 465 et
517 432 617 465 minore
630 416 773 466 discrimine
789 417 856 466 sumi
868 417 1043 483 principem,
1042 412 1043 461 i

118 484 195 552 quim
204 503 311 550 quaerts.

153 580 235 629 titt.
246 582 364 632 Proxima
370 581 478 645 legionis
486 583 574 648 primis
583 582 687 632 hiberna
695 594 767 633 erant
773 620 780 642 ,
788 595 813 632 et
820 582 1033 647 promptissimus

119 651 134 700 ιι
147 652 236 717 legatis
245 655 338 704 Fabius
353 657 457 705 Valens.
470 653 494 704 ιι
511 655 552 705 die
564 669 666 721 postero
677 657 802 705 coloniam
814 653 1043 725 Agrippinensemq

119 741 178 773 cum
188 728 314 789 equitibus
321 728 436 793 legionis,
443 729 682 793 auxiliariorumque
693 731 827 795 ingressus,
834 733 1031 798 imperatorem
1042 750 1043 753 ¹

110 802 252 851 ,Vitellium
266 804 444 853 consalutauit.
461 805 557 853 Secuta
569 805 666 869 ingenti
676 804 814 853 certamine
828 802 953 866 eiusdem
969 818 1030 866 pro-

119 874 208 923 vincias
222 877 347 941 legiones:
361 890 386 927 et
398 880 512 943 superior.
527 880 664 935 exercitus,
673 878 794 945 speciosis
806 875 911 925 senatds
927 874 1029 940 populi·
1042 880 1043 941 l

110 964 169 1018 ¹qne
184 948 289 999 Romani
301 954 449 1002 nominibus
462 953 572 1011 relictis,
591 953 666 1001 tertio
679 953 763 1002 Nonas
775 951 909 1001 ianuarias
922 948 1029 996 Vitellio
1042 942 1043 959 ¹

119 1023 240 1070 accessit.
252 1024 328 1073 scires
339 1025 410 1093 illum
420 1026 502 1091 priore
512 988 592 1073 hiddo
602 1042 653 1073 non
662 1040 739 1091 penes
747 1022 936 1089 rempublicam
946 1020 1030 1068 luisse

118 1091 242 1144 Ardotetn
254 1109 411 1146 exercituum
427 1097 642 1161 Agrippinenses
660 1096 782 1151 Treueri,
795 1096 928 1159 Lingones
946 1110 1028 1157 equa-

117 1165 196 1232 bant,
207 1169 334 1229 «auxilia,
349 1188 440 1256 equos,
458 1188 528 1219 arma
538 1169 855 1235 ,pecuniasnollerentes,
874 1181 904 1217 ut
925 1168 1029 1230 quisque

118 1255 235 1306 corpore,
245 1245 362 1309 opibus,
354 1234 456 1309 tagenio
464 1245 570 1295 validus.
580 1247 633 1294 Nec
642 1244 769 1310 principes
776 1242 852 1293 modo
862 1240 1026 1291 coloniarum

118 1327 163 1365 ttut
178 1330 333 1378 castrorum
351 1321 633 1386 quibuspiaesentiaex
649 1318 780 1375 adfluenti,
798 1314 907 1385 etpartfi
922 1312 1026 1363 victorii

119 1408 299 1458 magnaespes,
292 1394 355 1443 sed
374 1395 498 1463 manipuli
516 1410 634 1459 quoque,
648 1404 674 1441 et
690 1392 815 1456 gregarius
831 1391 920 1449 miles,
938 1388 1027 1437 viatica

119 1481 178 1528 sua,
195 1478 219 1515 st
229 1468 327 1517 balteos
335 1467 535 1535 ,phalerasque,
547 1471 791 1531 insignissimorum
801 1477 906 1528 argento
919 1464 1027 1519 decora,

118 1502 178 1586 loeti
207 1505 458 1597 ecuniaetridebant,
468 1538 602 1597 instinctu,
614 1546 639 1583 et
652 1537 747 1610 tmpctu
755 1544 798 1593 ,et
810 1534 927 1584 avartttd

151 1629 173 1677 L
198 1631 245 1680 lll.
257 1633 337 1697 igitur
349 1630 452 1680 laudaut
469 1631 580 1678 militum
592 1628 734 1685 alacritate,
746 1629 865 1679 Vitellius
883 1623 1027 1676 ministeria

119 1705 289 1770 principatus,
299 1722 345 1768 per
355 1706 458 1753 libertos
468 1706 508 1768 agi
517 1705 605 1767 solita,
618 1705 644 1751 in
655 1706 752 1765 equitet
761 1705 890 1751 Romanos
900 1702 1026 1768 disponit.

118 1778 269 1826 Vacationes
282 1776 475 1826 centurionibus
487 1794 519 1824 en
537 1778 597 1825 lisco
611 1786 735 1823 numerat.
754 1776 881 1824 Saevitiam
896 1776 1013 1824 militurn
1021 1810 1028 1835 ,

118 1851 251 1917 plerosque
261 1850 292 1896 ad
304 1866 402 1913 poenam
417 1840 618 1914 exposcentium,
630 1845 719 1911 sepitis
730 1848 867 1913 approbat,
881 1850 976 1913 partim
995 1851 1027 1896 si·

118 1923 257 1971 mulatione
273 1924 432 1971 vinculorum
444 1922 587 1970 frustratur.
598 1920 734 1985 Pompeius
746 1922 924 1987 Propinquus,
937 1940 1027 1987 procu·

117 2005 187 2042 rator
198 1995 315 2059 Belgicae,
327 1996 412 2043 statim
423 1995 581 2044 interfectus.
592 1992 688 2043 Juliunt
698 1994 854 2052 Burdonem,
865 1998 1026 2044 Germanice

117 2065 203 2114 classis
222 2068 381 2132 proiectum,
394 2079 449 2118 astu
468 2068 602 2117 subtranit
622 2068 776 2117 Exarsern
771 2086 796 2115 tn
817 2084 875 2117 eum
894 2070 1024 2118 iracundia

117 2140 257 2197 exercitiis,
274 2151 393 2206 tanquam
408 2144 518 2201 crimen,
531 2156 560 2190 ac
572 2156 631 2189 mox
648 2141 765 2207 insidias,
778 2144 885 2191 Fonteio
904 2144 1023 2211 Capitoni

117 2216 259 2267 struxisset.
274 2216 353 2264 Grata
365 2229 418 2266 erat
430 2216 555 2265 memoria
566 2208 714 2299 Capitonis:
726 2214 826 2280 ctapud
839 2219 974 2265 saevientes
984 2235 1024 2265 oc

117 2286 202 2336 cidere
213 2289 331 2355 palium,
325 2306 454 2355 ignoscere
466 2306 517 2337 non
528 2292 575 2336 nist
570 2288 699 2350 'sallendo
708 2288 809 2337 licebat.
822 2290 876 2337 ιιι
871 2308 896 2337 ιιι
909 2288 1025 2337 custoditi

104 2362 232 2414 =babitus:
243 2379 268 2415 et
278 2376 337 2432 post
346 2358 593 2430 uictoriamdemtim
603 2396 609 2417 ,
619 2364 703 2413 stratis
712 2361 762 2425 jam
773 2364 882 2410 militurn
890 2360 960 2411 odiis
970 2398 980 2419 ,
989 2363 1026 2411 di-

116 2440 210 2488 missus
222 2454 269 2491 cst.
283 2441 401 2495 Interim,
413 2448 442 2486 ut
457 2436 596 2504 piaculum,
608 2436 726 2495 obiicitur
743 2437 857 2484 centurio
876 2436 1024 2501 Crispinus,

118 2517 162 2578 qui
177 2532 203 2563 se
217 2519 340 2582 sanguine
351 2515 481 2580 Capitonis
497 2505 692 2560 cruentaverat:
707 2510 787 2575 eisque
799 2523 824 2559 et
838 2510 1026 2575 postulantibus

116 2588 293 2653 manifestior,
305 2604 331 2638 et
346 2590 461 2655 punienti
476 2588 551 2636 vilior
561 2586 620 2635 fuit.
796 2614 803 2645 q

148 2681 219 2731 th.
232 2673 313 2731 lulius
323 2681 414 2730 deinde
424 2682 511 2731 Civilis
521 2680 634 2746 periculo
645 2689 792 2744 exemptus,
803 2689 949 2745 prepotens
961 2682 1022 2728 inter
1041 2700 1042 2735 t

116 2752 234 2810 Batauos,
245 2770 276 2801 ne
286 2754 413 2819 supplicio
421 2754 476 2816 ejus
485 2750 556 2800 leros
566 2768 626 2817 gens
636 2752 799 2800 alienaretur:
807 2752 837 2799 Et
844 2762 919 2799 eruut
929 2751 956 2800 in
966 2752 1022 2801 ciri·

118 2835 169 2873 tate
181 2824 324 2891 Lingonum
336 2839 395 2875 octo
403 2826 558 2874 Batavorum
567 2826 697 2888 cobortes,
709 2823 904 2889 quartadecima
919 2824 1024 2887 legionis

118 2898 226 2987 auxilia,
239 2911 293 2947 tunt
305 2899 431 2948 discordid
441 2912 584 2963 temporum
595 2916 608 2945 a
597 2898 716 2961 legione
725 2896 851 2961 digressae,
861 2908 943 2959 prout
953 2895 1024 2942 incli-

118 2959 233 3032 nissent,
246 2972 340 3037 grande
353 2983 510 3021 momentum
523 2972 650 3019 secianus
664 2970 780 3017 adterere.
793 2968 921 3026 Nonium,
940 2968 1023 3017 Dona-

118 3044 198 3105 tium,
208 3046 347 3094 Ronrilium
355 3046 552 3111 Calpurnium,
565 3044 738 3101 centuriones,
749 3042 779 3091 de
794 3042 882 3104 quilius
895 3042 976 3107 supr'a
989 3060 1021 3091 te

120 3120 242 3184 tulimus,
255 3119 353 3168 occidi
348 3122 433 3183 lussit,
446 3119 579 3167 damnatos
594 3118 651 3169 fidei
665 3117 784 3171 crimine,
797 3113 949 3178 gravissimo
965 3119 1041 3165 inter

119 3189 297 3243 desciscentes.
309 3188 836 3258 AccesserepartibuslaleriusAsiaticus‚
851 3188 959 3250 belgicae
971 3206 1019 3254 pto·

119 3264 206 3311 vincia
217 3266 328 3330 legatus.
340 3285 416 3331 quem
427 3285 486 3315 mox
497 3266 617 3315 Vitellius
628 3280 747 3329 generum
759 3262 884 3311 adscivit.
899 3274 923 3311 et
935 3262 950 3309 J
953 3278 1018 3310 tintus

119 3337 224 3399 illesus,
240 3340 412 3407 Lugdunensis
430 3342 515 3392 (sallia
529 3350 629 3400 tector
639 3354 697 3387 cunr
710 3336 797 3391 ltsltti
812 3336 929 3402 leston&
948 3330 1019 3386 etsli
