2100 3709
202 2 206 10 ’
285 29 520 74 rrrsronrtrrnsr
541 31 606 68 nra.
624 31 669 70 rr.
878 11 940 112 1447

2 115 103 167 filiam
115 107 238 180 Classici,
249 116 335 166 relicta
347 114 396 166 sibi
404 115 510 181 pignora
519 111 657 162 societatis.
669 111 753 178 Atque
764 109 866 166 iuterim
880 117 934 170 dit·

2 209 113 260 persor
123 193 150 243 in
162 191 280 242 domibus
291 191 431 243 Germanos
440 187 638 246 trucidaverant.
650 187 726 237 Unde
736 200 818 238 metus
828 203 853 240 et
865 191 937 254 justa

3 281 115 332 preces
127 268 314 324 invocantium,
326 275 460 328 antequam
466 261 553 310 hostes
561 262 693 327 ,repararis
702 263 937 329 viribus‚adspem,

3 340 60 388 vel
73 339 111 387 ad
122 341 243 390 ultionem
258 339 459 404 accingerentur.
471 336 587 401 Namque
599 346 625 384 et
640 335 729 386 Civilis
742 335 803 385 illuc
816 339 934 390 intende-

3 425 79 472 rat,
105 431 158 462 non
171 415 316 474 invalidus,
333 411 523 479 flagrantissimi
539 410 683 460 cohortium
700 427 803 459 suarum
820 411 934 480 integriq

8 504 80 551 quae
92 488 243 539 ebeaucis
251 490 389 554 Frisiisque
399 488 555 555 composita,
563 485 696 549 Tolbiaci,
704 484 730 534 ia
741 487 835 536 linibus'
840 487 935 554 Agrip-

8 562 174 626 pinensium
185 599 192 623 ‚
206 563 304 628 agebat.
313 562 363 612 Sed
375 564 451 612 trittis
462 561 567 612 nuntius
577 560 669 610 avertit
679 595 685 616 ,
697 576 711 610 r
721 558 830 610 deletam
840 560 935 610 cohors

8 644 77 683 tem
94 635 159 702 dolo
175 635 423 703 Agrippinensium»
436 654 442 685 z
454 636 498 702 qui
516 634 594 700 largis
610 633 696 699 'epulis
712 633 822 699 vinoque
838 635 935 700 sopitos

12 709 188 771 Germanos,
203 712 295 762 clausis
306 711 421 771 loribus,
435 713 491 778 igne
503 709 610 774 iniecto,
623 707 776 758 cremavere.
790 709 872 758 Simul
884 710 936 759 Ce-

12 784 97 833 rialis
102 800 221 853 propero
234 787 334 852 agmine
349 787 478 838 subvenit.
491 785 699 835 circumsteterat
713 782 821 834 Civilem
837 781 937 834 et‘slius

12 867 129 917 metus,
140 877 173 912 ne
192 859 380 925 quartadecima
394 861 479 926 legio,
494 855 613 924 adjuncti
628 855 771 904 Britannici
780 856 857 906 classe
869 893 876 920 ,
886 856 935 906 ad-

16 930 142 982 flictaret
158 933 275 992 Batavos,
288 933 339 998 quir
351 931 454 982 Oceano
463 931 620 981 ambiuntur.
630 929 679 978 Sed
691 929 815 996 legionem
827 929 940 982 terrestri

17 1005 123 1055 itinere
132 1007 224 1056 Fabius
238 1007 357 1063 Priscus,
373 1007 484 1072 legatur,
495 1007 523 1055 in
538 1007 645 1056 Nervios
658 999 827 1070 Tunglosque
842 1003 917 1054 duxit
930 1021 937 1051 ε

17 1095 116 1144 eaeque
125 1080 247 1130 civitates
258 1081 286 1130 in
296 1078 570 1144 deditionemacceptae
583 1096 589 1124 ε
606 1079 711 1126 classem
724 1079 792 1128 ultro
804 1076 939 1127 Canincla-

20 1164 65 1203 tes
76 1153 192 1220 adgressi
202 1167 277 1220 sunt3
288 1152 419 1218 mt‘jorqqe
433 1167 491 1218 pars
502 1154 606 1200 navium
618 1149 748 1214 depressa,
760 1164 803 1200 aut
815 1163 896 1218 capta.
908 1151 940 1200 Et

20 1228 185 1278 Nerviorum
204 1226 410 1288 multitudinem,
428 1236 518 1292 sponte
532 1234 704 1280 commotam,
715 1234 744 1272 ut
760 1241 806 1290 pro
820 1222 942 1273 Romanis

19 1303 132 1351 bellurn
148 1315 307 1370 capesseret,
323 1300 401 1350 iidem
417 1297 577 1349 Caninefates
589 1295 686 1345 fudere.
701 1295 825 1348 Classicus
840 1312 941 1362 quoque

21 1375 155 1424 adversus
164 1376 275 1440 equitet,
287 1371 448 1424 Norssiunal
458 1370 556 1421 Ceriale
565 1369 705 1436 praemissos
715 1404 721 1426 ,
733 1367 872 1418 secundum
878 1387 943 1436 pras-s

21 1450 97 1498 lium
111 1445 172 1496 lecit
186 1466 192 1497 ι
203 1465 258 1515 quas
267 1447 380 1509 modica,
391 1446 437 1496 sed
446 1446 536 1496 crebre
544 1444 651 1520 damna,
662 1443 756 1492 lamam
769 1443 879 1492 victorin
891 1461 941 1494 nu·

22 1540 76 1591 per
86 1532 163 1588 partae
171 1523 325 1574 lacerabant.

61 1595 183 1646 LXXX.
194 1595 285 1646 lisdem
295 1596 385 1646 diebus
398 1591 533 1645 Mucianus
539 1591 639 1646 Vitellii
652 1591 732 1640 lilium
742 1589 847 1640 interfici
855 1589 940 1654 jubet:

26 1686 182 1720 mansuram
195 1669 351 1721 discordiam
368 1669 526 1731 obtendens,
546 1669 574 1718 ni
591 1668 687 1722 semina
702 1666 764 1716 belli
776 1666 942 1716 restinxisset.

26 1744 129 1807 Neque
144 1741 286 1793 Antonium
308 1745 424 1794 Primum
439 1742 532 1793 sdsciri
553 1743 619 1791 inter
641 1739 777 1790 comiteris
796 1739 944 1790 Domitiano

25 1831 124 1886 passus
140 1826 194 1880 est3
213 1813 301 1865 lavore
316 1817 428 1865 militum
447 1817 537 1865 anxius
546 1851 554 1875 ,
564 1826 591 1864 et
603 1813 723 1886 superbid
738 1815 799 1873 viri,
810 1813 943 1878 :equalium

26 1903 139 1956 quoque
145 1924 152 1949 ,
163 1887 227 1939 adeo
236 1891 395 1956 superiorum
402 1891 572 1939 intolerantis.
583 1889 712 1938 Profertur
721 1887 753 1936 ad
762 1889 947 1954 Vespasianum

25 1962 163 2014 Antonius
173 1998 180 2021 ,
191 1974 220 2012 ut
231 1979 282 2010 non
289 1979 337 2027 pro
348 1978 393 2025 spe
402 1963 446 2008 sna
459 1964 599 2028 excipitur,
617 1962 651 2012 ita
661 1977 742 2026 usquo
756 1977 845 2011 averso
858 1962 944 2027 impe-

24 2038 129 2090 ratoris
140 2036 235 2083 animo.
245 2033 404 2082 Trahebatnr
414 2034 440 2079 in
451 2031 550 2080 diversa
563 2051 568 2078 :
582 2034 641 2080 lrinc
656 2037 752 2082 meritis
763 2033 882 2095 Antonii,
896 2051 945 2084 cu-

26 2114 73 2180 jus
83 2110 165 2160 ductu
175 2107 319 2160 conlectum
329 2103 485 2157 hauddubie
497 2105 594 2155 bellum
605 2117 674 2168 erat,
686 2105 746 2153 inde
755 2106 869 2156 Muciani
878 2109 947 2174 epis·

25 2187 114 2238 tolisz‘
127 2184 203 2233 simul
211 2184 304 2243 ceteri,
315 2193 344 2231 ut
352 2179 481 2251 infestum
494 2179 678 2248 tanidumque
687 2178 890 2242 insectabantur,
902 2180 947 2228 ad·

29 2259 134 2327 junctis
144 2258 237 2324 prioris
247 2258 303 2306 ritae
313 2255 464 2305 criminibus
474 2273 480 2303 ε
492 2269 576 2318 neque
587 2253 640 2322 ipse
650 2252 736 2302 deerat
746 2250 887 2317 arrogantis
898 2269 946 2302 vo.

30 2350 97 2386 care
106 2330 213 2382 offensas
220 2369 228 2395 ,
241 2333 334 2380 nimius
342 2329 587 2392 commemorandis,
598 2343 651 2392 que
660 2327 802 2376 meruisset.
817 2326 948 2388 «Alios»,

28 2422 64 2459 ut
77 2407 224 2468 «imbelles,
237 2407 392 2471 Caecinam»,
403 2415 432 2452 ut
441 2404 588 2470 acaptirnm
600 2418 628 2450 sc
640 2401 808 2451 dediticium»
822 2401 946 2468 increpat.

31 2480 117 2532 Unde
128 2478 252 2545 paulatim
261 2481 341 2530 levior
355 2481 480 2546 viliorque
496 2476 605 2535 haberi,
622 2487 740 2526 manente
751 2478 870 2525 tamenin
885 2493 946 2544 spe·
1045 2499 1048 2512 ·

32 2561 104 2607 ciem
117 2555 236 2605 amicitid.

69 2630 196 2680 LXXXI.
205 2629 252 2678 Per
263 2644 306 2679 cos
316 2640 415 2678 menses
423 2663 430 2687 ,
438 2627 529 2693 quibus
537 2625 706 2692 Vespasianus
718 2621 876 2674 Alexandriae
891 2633 947 2672 sta·

35 2717 81 2754 tos
94 2704 188 2753 aestivis
198 2703 300 2752 flatibus
312 2703 380 2762 dies,
394 2713 420 2750 et
432 2711 500 2750 certa
510 2701 587 2749 maris
596 2699 788 2766 opperiebatur,
804 2697 883 2746 multa
896 2697 948 2745 rni-

36 2780 131 2829 racula
144 2779 265 2838 evenire,
278 2777 334 2844 qula
344 2778 401 2826 coeli
412 2772 496 2836 lavor,
509 2787 535 2825 et
548 2773 662 2841 quedam
674 2773 700 2822 in
710 2773 896 2840 Vespasianum
906 2773 948 2820 in-

33 2856 146 2905 clinatio
157 2848 292 2902 numinum
303 2843 488 2904 ostenderetur.
504 2852 543 2900 Ex
556 2851 630 2918 plebe
645 2848 814 2922 Alexandrini
830 2843 949 2912 quidam,
1027 2891 1036 2896 .

35 2929 174 2979 oculorum
189 2928 246 2976 tabe
257 2939 346 2988 notus,
358 2943 438 2993 genua
447 2926 503 2990 eins
514 2925 668 2988 adrolqitur,
682 2919 825 2977 rirmedlum
836 2924 949 2974 coecita·

38 3007 77 3057 ris
97 3017 237 3067 exposcens
248 3002 360 3067 gemitu3
375 3001 474 3050 monitu
480 2997 608 3064 Serapidis
619 2997 672 3058 dei,
686 3013 762 3063 quens
770 2996 856 3045 dedita
866 3007 951 3058 super·

39 3074 195 3128 stitior‘aibus
206 3091 266 3140 gens
278 3087 337 3122 ante
348 3074 412 3122 alios
430 3075 508 3123 eolis:
519 3072 717 3140 precabaturque
729 3071 868 3136 principem
879 3103 885 3123 ,
897 3074 950 3116 out

42 3168 121 3219 genas
133 3162 158 3198 et
170 3149 301 3198 oculorum
310 3148 384 3197 orbes
394 3147 539 3212 dignaretur
546 3161 690 3212 respergere
699 3145 750 3192 oris
760 3149 949 3190 excremento».

39 3218 116 3278 Alius
133 3240 238 3273 uranum
250 3238 327 3288 aeger,
345 3219 437 3269 eodem
453 3220 502 3268 deo
520 3233 639 3275 auctore,
656 3228 704 3265 nut
717 3214 782 3282 pede
800 3228 829 3261 ac
843 3213 949 3277 vestigio

39 3301 148 3353 earnis
159 3293 439 3358 enennnmntsr.
448 3285 708 3360 vnpsstannspnmt
718 3283 833 3384 irridere,
844 3283 953 3350 adsper÷
