2100 3709
309 84 486 126 asssuruss
503 87 571 124 usu.
589 88 632 124 vr.
871 82 917 134 tlt

35 179 74 218 test
82 181 166 234 guarus
178 165 242 218 fieri.
252 166 349 218 Iisdem
361 168 448 218 diebus
463 165 575 217 Granius
586 167 727 218 Martianus
740 185 854 234 senator,
864 174 879 224 a
890 175 918 226 C.

37 241 132 291 Graccho
142 242 284 307 majestatis
295 243 437 309 postulatus
441 251 451 304 ,‘
465 244 519 290 vim
532 245 588 290 vitae
601 259 650 289 suae
662 243 766 293 attulit:
783 247 920 313 Tatiusque

38 317 154 366 Gratianus
162 316 275 384 praeusi
284 318 398 377 iunctus,
406 317 465 383 lege
476 316 566 366 eadem
577 323 720 366 extremum
728 317 761 366 ad
770 321 920 387 supplicium

36 388 156 439 damnatus.
692 455 693 460 ¹

57 462 168 513 XXXIX.
189 463 246 514 Nec
263 462 377 530 dispares
391 463 547 512 Trebelliesri
567 463 632 522 Rufi,
650 475 674 512 et
689 464 769 513 Sextii
787 465 924 524 Paconiani

35 537 176 586 tritusllam
181 536 362 586 Trebellienus
369 536 412 585 sud
420 537 609 603 manucecidit3
619 537 776 586 Paconianus
783 538 810 586 irs
817 555 927 601 carcere,

36 609 60 655 ob
69 611 170 658 carmina
182 610 237 659 illic
247 611 275 658 in
286 610 426 676 principem
436 609 549 659 lectitata
559 645 566 671 ,
576 607 744 676 strangulatus
752 623 799 662 est.
812 612 871 662 Haec
879 613 927 662 Ti·
981 613 983 620 '

36 680 160 736 beriusnott
168 685 251 747 mari,
264 696 293 733 ut
303 684 382 742 olim,
393 683 489 732 divisus
499 719 506 742 ,
515 701 596 748 raeque
606 701 652 750 per
661 684 814 750 longinquos
825 687 927 744 nuntios

36 756 151 820 accipiebat
160 794 168 816 ,
178 757 224 806 sed
235 758 324 807 urbem
335 758 423 822 iuxts;
437 758 526 809 eodem
537 771 567 808 ut
578 759 629 816 die,
638 760 678 808 vel
685 759 769 808 noctis
779 759 927 824 interjectu,

36 825 251 879 litterisconsulum
263 833 427 881 rescriberet:
439 833 512 898 quasi
523 831 666 898 adspiciens
676 831 814 882 undantem
824 848 870 898 per
880 831 929 882 dc-

36 914 78 948 ntcs
88 905 231 968 sauguinem
240 940 247 963 ,
258 917 302 954 sut
311 919 402 955 manus
410 907 566 956 carnificum.
579 906 641 955 Fine
652 907 712 954 anni
722 904 845 972 Poppaeus
855 907 929 956 sabiss

37 977 198 1026 nusccncessit
211 977 281 1036 viti,
292 978 408 1028 modicus
418 979 523 1046 originis
534 1017 541 1042 ,
555 980 701 1047 principum
715 979 824 1029 amicitis
836 995 930 1028 consu-

38 1043 104 1095 latum
115 1065 142 1098 sc
153 1050 312 1118 triumphale
324 1051 401 1104 deoru
415 1052 540 1120 adeptus:
554 1053 723 1118 maximisque
738 1055 874 1120 provinciis
885 1067 930 1118 pst·

39 1130 128 1180 mutuos
143 1138 169 1176 et
180 1123 274 1190 viginti
286 1141 366 1175 annos
383 1126 533 1193 impositus3
546 1126 644 1176 niallam
655 1125 688 1173 ob
702 1128 821 1177 eximiam
834 1139 930 1192 artem,

41 1191 75 1250 sed
84 1193 147 1257 qudd
156 1179 200 1262 p¹ar
208 1201 337 1264 negotiis,
346 1215 429 1263 neque
439 1197 514 1264 supra
525 1210 589 1246 erat.
810 1249 812 1253 ,
949 1207 954 1214 ’

46 1258 50 1269 ’
64 1265 110 1316 XL·
123 1270 154 1332 Q.
164 1273 300 1334 Plautius,
311 1273 368 1322 Sex.
378 1271 500 1338 Papinius
511 1287 576 1320 coss.
587 1283 734 1335 sequuntur.
744 1273 782 1321 Eo
792 1289 874 1341 anne,
883 1281 931 1323 u'e·

41 1347 78 1397 que
90 1340 156 1405 quiid
164 1343 196 1395 L.
209 1343 365 1394 Aruseius...
377 1354 461 1391 morte
475 1342 509 1390 ad
524 1343 585 1390 lecti
597 1345 692 1408 iurent,
702 1343 865 1396 adsuetudine
875 1337 950 1396 mt·'

43 1407 164 1478 lorumque
177 1429 270 1480 atrox,
286 1414 484 1475 ads'ertebeture
502 1412 549 1463 sed
561 1415 699 1474 exterruit,
713 1414 783 1478 qudd
794 1419 935 1470 Vibulenus

44 1480 146 1555 Astippa,
155 1505 237 1554 eques
245 1489 394 1555 Romanus,
406 1502 484 1551 quum
496 1483 661 1553 percrdsaeut
670 1499 839 1552 accusatores,
849 1493 874 1540 lu
882 1491 937 1556 ipsi

45 1558 100 1619 curii
106 1560 288 1628 depromptum
301 1562 358 1609 sinu
369 1574 496 1610 venenum
506 1559 590 1608 bausit
600 1577 609 1626 ς,
624 1559 807 1626 prolapsusque
816 1579 845 1612 ac
855 1565 942 1624 snoti-¹

46 1625 126 1682 ludu
134 1671 142 1700 ‚
150 1635 278 1686 festinatis
286 1633 407 1688 lictorum
415 1632 534 1682 matribus
545 1632 571 1683 in
583 1647 710 1681 carcerem
720 1645 806 1700 raptus
816 1648 868 1704 est,
880 1637 939 1688 lau-

46 1707 177 1773 cttqnejam
186 1709 312 1758 exanimis
320 1707 411 1773 laqueo
420 1717 523 1756 vexatas.
534 1703 704 1770 Ne'I'lgranes
713 1705 833 1772 quidem,
846 1709 947 1761 Arme-v

45 1775 76 1825 tii
84 1778 203 1842 quondam
210 1783 319 1851 potitus,
329 1799 358 1832 ac
365 1794 427 1832 tunc
434 1797 502 1849 reus,
514 1781 618 1830 nomine
627 1784 697 1846 regio
706 1775 936 1856 suppliciaxciriurss

47 1847 124 1914 elargit.
139 1856 175 1905 At
189 1857 222 1906 C.
239 1857 336 1920 Galba,
355 1856 510 1923 consularis,
522 1866 549 1904 et
560 1854 612 1904 duo
626 1855 697 1903 blasi
712 1855 854 1907 voluntariis
868 1861 939 1910 exitu

46 1923 140 1974 tesidere
149 1945 155 1976 :
168 1929 265 1989 Galba,
274 1930 389 1980 tristibus
398 1930 502 1979 Caesaris
511 1929 603 1977 litteris
612 1929 769 1994 provinciam
780 1931 865 1980 sortiri
874 1943 941 1999 prod

47 1991 143 2064 hibitus5
155 2000 240 2052 Blasii
252 2001 408 2063 sacerdotia,
421 2000 519 2063 integri
530 2015 620 2050 eorum
629 1999 706 2050 domo
722 2001 861 2071 destinata,
873 2023 940 2055 con-

50 2069 110 2119 vulsd'
119 2072 267 2125 distulerat:
279 2087 354 2141 tunc,
368 2087 499 2133 nasama,
513 2073 624 2123 contulit
632 2075 658 2122 iu
668 2076 746 2124 alios:
759 2077 828 2139 quod
839 2083 940 2144 signum

48 2136 123 2193 sunnis
131 2149 278 2200 intellexere
286 2170 294 2212 3
306 2161 332 2196 ct
341 2148 454 2196 exsecuti
463 2156 533 2197 sunt.
541 2145 575 2193 Et
583 2145 683 2194 AEmilis
692 2147 803 2212 Lepida,
813 2153 887 2212 quam
897 2153 943 2216 ju.

49 2221 95 2266 reni
103 2223 180 2272 Druso
189 2236 299 2293 nuptam
309 2223 396 2283 retuli,
413 2220 509 2270 crebris
519 2219 669 2268 criminibus
681 2223 799 2269 maritum
812 2225 940 2292 insecuta,

50 2302 175 2358 quanquam
190 2287 356 2364 intestabilis,
375 2307 459 2343 tamen
474 2293 600 2358 impunita
618 2293 722 2357 agebat,
742 2291 803 2340 dum
819 2295 945 2362 superfuit

51 2374 110 2423 pater
122 2367 228 2435 Lepidus
240 2388 249 2437 3
261 2364 344 2436 pdstit
355 2367 511 2415 delatoribus
520 2365 672 2429 corripitur,
683 2366 716 2412 ob
729 2381 833 2428 servum·
842 2369 945 2418 adulte.

52 2449 113 2486 mm:
125 2459 169 2495 uec
177 2445 342 2498 dubitabatur
353 2440 384 2488 de
395 2441 506 2505 flagitio:
517 2453 578 2504 ergo
591 2436 684 2488 omissi
695 2437 857 2499 deieratione,
869 2441 946 2492 flnem
959 2451 963 2459 ’
987 2466 991 2472 ν

52 2511 99 2563 rita
107 2516 153 2566 sibi
163 2521 260 2584 posuit.

78 2581 142 2636 Xbl.
158 2591 204 2640 Per
221 2591 291 2641 idem
304 2602 405 2654 tempus
419 2585 543 2638 Clitarum
560 2583 647 2650 ustio,
663 2583 808 2652 Cappadoci
821 2585 947 2640 Archelao

54 2656 166 2729 subiecta,
186 2669 246 2731 quis
257 2675 374 2714 nostrum
393 2665 419 2712 iu
431 2660 537 2710 modum
550 2652 647 2732 delesse
663 2677 769 2728 census,
782 2663 834 2728 pati
853 2665 948 2714 tributa

56 2719 203 2796 adigebatur,
219 2735 245 2781 iu
258 2731 315 2795 juga
323 2731 402 2778 Tauri
413 2729 507 2777 montis
517 2727 656 2778 abscessit:
671 2729 834 2791 locorumque
846 2729 949 2796 ingenio
1024 2729 1025 2734 ’

56 2805 101 2842 sese
114 2816 195 2853 eontra
206 2806 321 2863 imbelles
333 2805 399 2869 regis
408 2803 495 2869 copias
510 2801 655 2867 tutabatus3
668 2801 795 2850 duneald.
808 2803 949 2854 Trebellius

56 2862 158 2935 legatus,
171 2879 302 2931 laVitellio
312 2878 417 2944 praeside
427 2876 503 2944 Syriae
514 2891 573 2924 cum
586 2886 693 2938 quatuor
706 2874 820 2925 millibus
835 2879 951 2944 legiona-

56 2939 157 3006 Ῑὶθωψ,
168 2965 192 3000 et
206 2953 310 3007 delectis
323 2942 537 3008 auxiliislmissus,
548 2947 612 2996 duos
622 2948 708 3012 collis,
720 2963 784 3012 quos
792 2948 894 2999 barbari
904 2954 946 2999 in-

56 3013 162 3072 sedararlt
178 3028 290 3090 (minori
305 3026 409 3084 Cadra,
427 3024 501 3072 alteri
521 3025 637 3075 Davara
656 3037 750 3072 nomen
763 3021 819 3088 est)
833 3023 952 3088 operibus
975 3020 977 3027 '

57 3088 213 3156 cirsstttttticdit
224 3121 229 3149 z
242 3115 267 3150 et
276 3117 409 3167 erumpere
417 3116 491 3153 ausos
503 3098 583 3156 l'erro,
594 3109 692 3146 ceteros
701 3097 743 3144 siti
754 3095 787 3142 sd
798 3095 953 3143 deditionem
1023 3137 1024 3140 ,

60 3168 141 3230 llltgit.
150 3171 187 3224 At
194 3175 319 3224 Tiridates
328 3173 490 3232 ,volentibus
500 3170 600 3219 Parthis
610 3205 617 3228 ,
629 3168 810 3234 Nicephorium
821 3179 846 3214 et
855 3164 954 3215 Anthe-

60 3243 177 3310 nostadi,
190 3261 334 3314 ceterasque
344 3249 433 3304 urbes,
445 3262 500 3311 quae
510 3243 694 3293 Macedonibus
704 3243 771 3300 sitae,
783 3241 869 3286 Graeca
878 3255 956 3287 voca·

59 3305 244 3394 hillst-usurpant
252 3362 260 3390 ,
273 3325 418 3389 Halumque
428 3335 455 3374 ct
466 3318 637 3376 Artemitam,
655 3313 771 3365 Parthica
784 3311 893 3381 oppida,
910 3327 955 3366 re·
987 3371 990 3375 ,

396 3578 403 3606 l
