2100 3709
348 87 525 126 ΑΠΔΜΠΜ
549 89 617 128 utu:
633 91 703 127 xtv.
927 95 974 131 211

44 167 129 216 tium
143 184 199 218 non
210 169 326 236 prebuit.
338 169 458 235 Prodigia
468 186 570 236 quoque
581 159 668 220 erebra
681 180 708 220 et
719 171 788 221 irrite
798 171 959 224 intercurrere
969 195 975 224 ι
1025 195 1029 201 ’

49 248 175 307 anguem
185 243 261 291 enixa
271 244 378 307 mulier3
389 253 415 292 et
426 242 475 291 elie
486 243 512 291 in
524 241 663 292 concubitu
676 244 873 296 maritifulmine
887 251 978 297 exani-

50 327 148 365 mata:
160 314 213 380 jam
222 315 261 365 eol
271 316 373 382 repente
382 315 547 377 obscuratus,
555 329 581 367 et
592 326 663 366 tacta
674 317 705 366 de
713 319 777 368 coelo
786 323 977 385 quatuordeeim

54 392 136 442 urbis
144 392 280 458 regiouet:
293 409 348 456 quae
360 392 424 441 adeo
435 393 489 440 eine
499 393 559 441 curi
570 393 646 444 dedrn
658 393 828 457 eveniebant,
840 409 870 444 ut
882 399 977 446 multoe

55 465 124 532 pbat
138 481 222 515 uunot
241 465 310 516 Nero
326 467 461 534 imperium
478 477 503 515 et
520 466 614 514 ecelera
625 467 821 518 continuaverit.
842 469 978 529 Ceterum,

56 539 114 604 qud
130 549 249 605 gravaret
261 540 388 592 iuvidiam
399 540 501 600 mairie,
514 539 593 605 eique
606 539 724 598 demoti,
737 554 837 592 auctam
847 543 979 592 leuitatem

57 628 139 661 tuam
157 613 349 687 testificamur.
369 613 475 664 feminae
492 615 616 676 illustret,
628 614 743 677 inuiam,
758 628 782 664 et
799 602 977 682 Gelpomiam,

58 683 217 752 prefectum
229 685 329 738 structos
345 687 477 738 Valerium
491 687 640 752 Capitonem
653 698 680 736 et
693 687 822 738 Licinium
836 689 979 749 Gabolum,

54 757 170 819 ‚sedibus
179 760 268 824 putriit
278 760 389 811 reddidit
400 787 411 821 ,«
419 761 450 808 ab
462 757 602 825 Agrippind
616 761 678 810 olim
690 764 786 828 pulsor.
800 764 882 812 Etiam
893 763 979 811 Lolliae

57 833 188 882 Paulliuae
200 835 296 885 cineret
303 835 442 902 reportari,
452 834 749 900 sepulerumqtreexttrui
758 838 888 904 permitit:
902 853 981 900 quoe-

59 923 116 971 qtte
126 907 182 972 ipre
193 925 274 974 nuper
282 911 435 976 relegaverat
443 945 449 967 ‚
457 907 579 971 Iturium,
586 921 612 959 et
621 905 768 969 Calvisium,
777 911 851 977 poeni
861 900 980 959 exeolvit.

58 981 135 1030 Nam
149 981 232 1030 Silano
246 981 298 1032 lato
312 981 398 1032 functe
409 991 478 1041 erut,
492 982 633 1046 longinquo
644 984 677 1031 ab
688 985 779 1032 exsilio
788 985 928 1034 Tarentum
937 1000 982 1030 re-

60 1069 169 1120 gressa,
182 1055 282 1104 labante
295 1057 344 1122 jum
354 1051 510 1123 Agrippiui,
524 1055 596 1121 cujut
606 1057 752 1107 ‘iniuricitiie
764 1058 925 1116 concideret,
941 1054 983 1104 rel

61 1140 126 1178 tum
140 1128 268 1192 mitigati.
834 1183 837 1186 ⁴

98 1199 178 1250 xut.
192 1197 329 1250 Cunctanti
339 1197 365 1244 iu
374 1195 476 1262 oppidio
486 1199 630 1263 Campania
639 1235 646 1261 ,
655 1217 670 1248 u
679 1216 790 1264 quonam
801 1203 886 1252 ruodo
891 1201 983 1251 urbem

62 1273 243 1339 ingrederetur
251 1296 258 1336 3
267 1291 299 1323 eu
307 1271 457 1336 obsequium
471 1271 573 1322 oenatria
582 1310 588 1330 ,
597 1290 631 1320 nn
639 1274 722 1322 etudia
731 1276 813 1340 plebia
822 1279 965 1343 reperiret»)
974 1310 980 1330 ‚

64 1349 160 1406 anxio,
175 1348 263 1398 contri
274 1347 562 1410 deterrimuevquitque,
575 1360 685 1409 quorum
696 1363 748 1396 nou
760 1350 808 1396 alia
818 1352 887 1416 regin
896 1347 985 1396 lectru-

66 1422 128 1470 dior
134 1422 244 1485 exetitit,
252 1437 267 1469 u
274 1420 385 1469 invitum
395 1418 538 1486 Agrippina
548 1435 652 1474 nomeu,
664 1430 687 1466 et
699 1433 780 1468 morte
790 1422 843 1484 ejus
851 1433 985 1471 accentum

64 1495 162 1564 populi
176 1496 315 1546 lavoremu
331 1495 476 1546 disserunt:
493 1513 507 1545 tt
521 1499 570 1557 iret
581 1495 736 1559 intrepidus,
751 1508 778 1545 et
794 1500 984 1546 venerationem

67 1571 109 1622 tul
119 1573 207 1623 cotim
220 1571 415 1638 experiretur»,
426 1572 502 1621 eimul
510 1571 676 1639 «praegredi»
686 1585 841 1638 exposcunt,
850 1583 877 1620 et
884 1587 985 1636 promp-

65 1650 153 1707 tiora,
171 1647 247 1713 quim
258 1646 443 1714 promiserunt,
456 1648 591 1697 inveniunt
602 1646 714 1713 :obviae
730 1648 811 1696 tribue
820 1683 827 1705 ‚
837 1647 902 1694 serto
915 1645 986 1693 cultu

69 1733 190 1772 cenatum
203 1738 210 1769 ε
224 1720 361 1786 coniugum
375 1737 404 1771 ac
416 1721 557 1770 liberorum
572 1721 686 1788 agmina,
696 1735 742 1786 per
751 1735 838 1770 rerum
851 1731 877 1768 et
887 1725 986 1769 aetatem

69 1796 198 1864 dispositu
209 1812 215 1845 z
226 1809 382 1856 exstructor,
395 1795 443 1862 qni
453 1797 596 1854 incederet,
604 1797 808 1862 spectaculorum
818 1794 925 1861 gradun,
935 1809 986 1858 quo

67 1870 154 1922 'modo
168 1871 288 1938 triumphi
304 1872 429 1920 visuntur.
442 1873 510 1922 Hinc
522 1873 661 1939 superbus,
673 1888 703 1920 ac
714 1869 811 1937 publici
820 1869 918 1918 servitii
930 1871 989 1916 vic-

70 1957 132 2003 tor,
142 1945 298 2011 Capitolium
309 1943 391 2003 adiit,
403 1957 488 2010 grates
500 1937 628 2008 exeolvit3
641 1960 719 2010 teque
732 1945 757 1991 'tn
769 1951 859 1992 omnes
869 1939 988 1989 libidines

70 2015 179 2076 effudit,
193 2034 254 2084 quae
268 2017 333 2068 male
346 2019 467 2068 coercitae
476 2020 669 2084 qualiacumque
682 2019 771 2068 muttit
780 2015 923 2066 'reverentie
934 2025 988 2062 tar-

73 2092 191 2142 daverat.
258 2103 262 2112 ’
879 2143 883 2150 ,

105 2165 181 2216 xlvi
190 2166 271 2215 Vetue
282 2163 321 2215 illi
332 2179 392 2212 cure
403 2174 456 2211 eret
463 2199 469 2224 ,
477 2164 605 2214 curriculo
612 2163 791 2228 quadrigarum
801 2164 931 2212 iueietere:
943 2175 990 2208 nec

73 2237 162 2290 minin
179 2236 275 2287 ledum
293 2236 424 2292 studium,
442 2235 539 2284 cithari
565 2235 693 2284 ludicrum
708 2237 738 2282 in
756 2235 862 2283 modurn
884 2249 990 2290 enuere,

74 2329 156 2380 quum
163 2325 273 2362 coenaret
281 2330 288 2378 3
297 2310 366 2376 quod
377 2309 647 2374 oregibutetautiquie
657 2307 931 2358 ducibuelactitatumu
940 2321 991 2353 me-

75 2387 208 2436 morabat:
218 2381 646 2449 cidquetutumlaud'rbuecelebre,
655 2375 793 2430 etdeorum
801 2377 991 2429 lionoridatuut.

75 2460 214 2511 Enimvero
232 2469 323 2510 cantus
340 2455 455 2522 Apollini
469 2471 568 2512 eterne,
588 2456 682 2518 talique
699 2466 791 2502 ornatu
807 2453 922 2508 adstare,
939 2468 992 2499 non

77 2531 157 2586 modb
169 2533 264 2582 Grecis
274 2531 300 2579 in
310 2529 431 2585 urbibus,
444 2527 489 2577 red
500 2529 615 2577 Romana
623 2527 692 2593 apud
706 2526 813 2591 templa,
824 2539 919 2572 numen
928 2539 992 2588 prar-

78 2611 185 2676 cipuum
198 2618 224 2657 et
237 2606 372 2672 praecium
382 2620 407 2652 u.
422 2601 474 2652 Nec
489 2602 539 2668 jam
554 2602 609 2650 eieci
622 2612 739 2668 poterat,
758 2616 837 2665 quum
848 2599 946 2647 Senecae
964 2615 992 2646 ac

79 2683 162 2732 Burro
175 2683 257 2730 virum
268 2715 274 2742 ,
289 2697 320 2728 nc
334 2690 438 2742 utruque
450 2677 624 2743 pervinceret,
633 2668 744 2724 alterurn
753 2672 892 2723 concedere
903 2691 909 2722 ;
920 2673 992 2722 clau-

80 2771 188 2822 tumque
206 2755 271 2804 valle
291 2752 413 2803 Vaticani
432 2753 559 2819 spatium,
578 2751 603 2800 iu
623 2767 675 2817 quo
692 2766 773 2816 equor
788 2759 906 2814 regeret,
923 2746 992 2796 heud

80 2830 227 2898 promiscuo
240 2827 384 2894 spectaculo
395 2845 401 2875 t
416 2841 477 2874 mox
488 2826 555 2875 ultro
565 2827 650 2874 vocer-i
662 2824 774 2892 poprrlut
783 2825 925 2877 Romanus,
935 2822 995 2870 ltu-

81 2903 207 2967 dibutque
219 2901 341 2951 extollere
349 2937 356 2958 ‚
365 2911 396 2952 ut
408 2912 447 2950 est
457 2900 547 2966 vulgua
557 2899 663 2966 cupient
675 2898 837 2962 voluptatum
849 2932 855 2953 ,
866 2906 892 2942 et
899 2894 938 2951 ,·ei
950 2892 993 2940 erl-

82 2965 141 3026 derb
151 2975 269 3042 princepe
280 2973 363 3024 trahat
369 3010 376 3034 ,
385 2975 481 3023 laetumr
492 2972 615 3024 Ceteritm
624 2972 756 3036 evulgatur
764 2970 848 3035 pudor
857 2984 908 3086 nqp
915 2965 992 3013 catie-

83 3061 178 3110 tatem‚
188 3061 218 3098 ut
228 3050 360 3106 rebantur,
373 3048 418 3097 ted
431 3049 625 3098 incitamentum
635 3048 729 3095 attulit.
745 3045 874 3105 Retutque
902 3038 994 3086 edecus

81 3117 194 3184 molliri,
207 3115 228 3173 ei
240 3127 324 3192 pluree
334 3122 469 3182 luedeeset,
482 3124 607 3172 nobilium
618 3122 772 3169 familiarum
786 3126 913 3181 postem,
921 3125 995 3176 05⁸⁵·

85 3211 136 3250 tate
147 3199 265 3262 venales,
276 3201 302 3264 iu
311 3213 412 3248 tecnam
423 3195 530 3246 deduxit
542 3216 547 3243 :
559 3212 623 3258 quoa
632 3196 685 3243 luto
694 3192 854 3258 perfunctos,
866 3200 898 3234 ne
909 3182 997 3265 nomi-

87 3275 166 3322 nerim
181 3269 295 3332 tradem,
306 3271 444 3336 majoribus
457 3284 546 3316 eorum
559 3264 725 3316 tribuendum
738 3274 800 3328 puto
811 3274 887 3306 :num
902 3268 929 3303 et
941 3272 995 3317 eque

88 3347 214 3415 flagitium
225 3357 278 3406 ert,
296 3345 343 3410 qui
356 3341 491 3410 perunum
504 3340 539 3391 ob
555 3338 646 3387 delicta
658 3334 745 3401 petilia
764 3330 852 3390 dedit,
867 3327 943 3392 quim
961 3343 993 3376 ne
