2100 3709
125 75 176 129 αφ
436 66 723 109 acoemetensi

127 156 192 205 dicia
199 163 344 219 poscerent,
352 130 572 216 maurannetus,
579 167 689 207 severus.
696 161 722 199 et
731 146 820 215 tepida
829 148 990 199 misericors:
1000 148 1036 199 ubl

128 229 212 280 officio
220 224 463 291 maislactum,uulla
472 222 536 272 ultr'i
546 222 677 289 potestatis
685 239 805 289 persona:
816 223 958 282 tristitiam,
966 234 994 271 et
1004 238 1034 269 ar·

130 301 287 366 rogantium,
299 310 324 344 et
336 298 467 346 avaritiam
480 308 610 357 canuerat:
624 313 670 347 nec
678 296 727 356 illi,
738 294 807 359 quod
818 305 856 343 era
864 296 1034 355 rarissimum,

128 388 174 423 aut
180 373 287 420 facilitas
294 371 530 428 auctoritatenr‚aut
539 370 773 419 aereritaaamorem
783 366 918 417 deminuit.
928 367 1033 433 Integri-

125 456 287 508 tatematque
294 443 470 491 abstinentiam
478 444 503 490 in
510 444 645 491 tautorirn
653 440 850 503 referre,injuria
859 440 1034 488 virtutumlue-

126 524 170 570 rit.
181 518 222 568 Ne
233 518 325 565 lamam
333 517 497 582 quidem,cui
505 517 580 565 etiam
588 531 650 581 saepe
659 514 876 579 boniiudulgent‚
887 514 1034 563 ostentandi

128 596 240 653 virtute,
255 600 299 638 ant
313 606 358 655 per
374 601 454 639 artem
466 590 592 653 qrraesirit:
608 587 697 654 procul
709 588 740 635 ab
750 588 908 636 aemulatione
920 588 1035 637 adversus

87 693 89 700 v
127 668 252 730 collegas,
264 664 353 729 procul
364 663 377 712 ir
388 665 554 712 contentione
564 662 686 711 adsersus
695 652 886 727 procuratores:
899 674 928 711 et
940 665 1035 711 vincere

128 741 277 807 inglorium,
286 749 312 787 et
322 738 398 786 atteri
406 737 538 786 sordidum
546 737 720 787 arbitrabatur.
730 734 818 785 Miuias
827 738 968 785 triennium
981 738 1006 783 in
1013 738 1035 783 el

54 864 58 867 .
128 815 254 881 legatione
267 814 398 869 detentus,
411 828 441 861 ac
452 814 541 861 statim
554 810 585 859 ad
599 818 669 876 apem
681 809 826 859 consulatus
837 823 972 861 revocatus
991 822 1037 873 est,

127 889 265 939 comitante
276 875 410 951 opinione,
416 885 571 933 britanniam
583 884 605 931 ei
616 884 773 947 provinciam
783 884 854 951 dari5
865 884 946 933 nullis
957 885 984 933 in
993 884 1034 933 hoc

127 962 180 1010 suis
188 959 347 1009 sermonibus
351 961 408 1017 ,sed
418 958 476 1021 qnia
485 973 529 1021 par
540 954 682 1005 ridebatur.
692 957 767 1005 Haud
776 972 874 1021 semper
883 968 953 1005 errat
960 956 1034 1011 lama,

127 1033 263 1098 aliqnando
280 1043 307 1081 ct
321 1032 406 1097 elegit.
422 1032 518 1079 Consul
533 1030 635 1095 egregiae
650 1041 705 1079 tuna
720 1031 772 1097 spei
787 1032 863 1079 liliam
877 1030 966 1095 iuraui
979 1030 1036 1078 milri

130 1107 278 1175 despondit,
294 1122 324 1155 aa
339 1117 398 1172 post
418 1107 576 1155 consulatum
591 1105 742 1163 collocavit,
761 1116 786 1153 et
802 1107 889 1155 atatim
907 1106 1035 1155 Britannia

128 1182 278 1248 prepositus
290 1190 343 1239 est,
353 1178 451 1242 adjecto
464 1174 625 1243 pontificatus
640 1177 793 1227 sacerdotio.

160 1253 195 1301 X.
203 1252 337 1300 Britanniae
344 1252 421 1299 sitnm
432 1252 601 1317 populosque,
609 1252 697 1299 multis
706 1251 869 1317 scriptoribus
876 1262 1036 1307 memorator,

129 1342 182 1375 uon
203 1326 229 1374 iu
248 1326 464 1391 comparationem
481 1342 546 1375 curae
563 1324 689 1389 ingeniive
705 1324 831 1389 relcrana3
850 1324 894 1373 sed
905 1325 968 1390 qnia
990 1335 1035 1371 tum

66 1436 68 1440 .
130 1396 244 1465 primr'rm
257 1397 399 1464 perdomita
409 1409 464 1458 est;
480 1398 564 1461 itaque
575 1432 580 1452 ,
592 1412 645 1459 quae
657 1396 755 1460 priores
766 1396 879 1445 nondum
892 1406 1034 1461 comperta,

136 1470 280 1537 eloquentiis
292 1471 452 1535 percoluere,
463 1487 549 1519 rerum
563 1467 612 1536 lide
631 1468 772 1520 tradentur.
784 1471 931 1527 Britannia,
944 1471 1035 1519 insula·

133 1566 191 1598 rum
202 1563 263 1611 quas
274 1547 389 1594 Romana
404 1546 494 1593 notitia
505 1544 684 1608 complectitur
698 1544 807 1591 maxima
814 1579 822 1603 ,
839 1546 919 1609 spatio
932 1560 965 1591 ac
977 1538 1041 1592 'coelo'

133 1624 160 1673 io
180 1620 310 1669 Orientem
331 1618 488 1673 Germanic,
505 1618 531 1663 in
549 1614 713 1665 Occidentem
730 1618 858 1680 Hispania
872 1617 1035 1667 obtenditur}

58 1727 65 1745 s
134 1692 218 1740 Gallis
232 1693 257 1742 in
268 1689 405 1737 Meridiem
414 1691 491 1735 etum
501 1687 648 1751 inspicitur:
665 1688 872 1750 septentrionalia
881 1690 952 1752 eins,
967 1682 1036 1739 nullis

132 1765 222 1811 contri
233 1761 322 1817 terris,
335 1771 406 1807 vasto
417 1771 491 1822 atque
502 1769 589 1822 aperto
600 1758 665 1809 mari
675 1760 817 1823 pulsantur.
832 1762 954 1811 Formam
966 1764 1036 1811 totius

134 1835 270 1887 ilritanniae
282 1832 370 1879 Livius
380 1833 510 1885 aeterum,
523 1830 616 1879 Fabius
628 1832 899 1889 Rusticus-recentum
917 1836 1037 1900 eloquen-

132 1910 224 1957 tissimi
233 1914 363 1960 auctores,
374 1903 488 1965 ohlongae
497 1903 614 1965 scutulae,
629 1906 669 1955 rel
683 1905 788 1969 bipenni
805 1906 992 1957 adsimularere
1003 1927 1008 1956 ι
1020 1920 1037 1955 et

86 2018 89 2025 Δ
132 1990 171 2030 est
188 1995 216 2027 ea
230 1976 305 2025 iacies
321 1975 384 2023 citra
399 1974 582 2033 Caledoniam,
602 1978 669 2037 unde
682 1980 751 2025 etin
764 1980 907 2028 universum
920 1980 991 2030 lama
1008 1987 1037 2029 est

132 2065 270 2115 transgreas
302 2066 308 2099 z
326 2047 370 2097 aed
386 2048 539 2097 immensum
558 2060 584 2096 et
598 2064 701 2098 enorme
719 2052 828 2115 spatium
838 2057 1037 2115 procurrentium

109 2181 111 2186 ,
132 2138 248 2175 extremo
263 2124 314 2186 jam
330 2123 417 2173 littore
432 2133 570 2181 terrarum,
587 2124 658 2172 velut
671 2124 697 2171 in
709 2139 817 2173 cuneum
829 2135 961 2175 tenuatur.
974 2130 1037 2177 Hanc

107 2230 110 2236 -
132 2198 203 2247 nram
211 2196 342 2245 novissimi
353 2194 428 2243 maria
440 2202 500 2241 tuuc
515 2194 628 2259 primlam
640 2196 754 2245 Romana
769 2193 854 2246 classis
863 2197 1041 2260 circumvecta„

134 2272 245 2321 insulam
256 2286 310 2317 esse
326 2269 484 2317 Britanniam
502 2266 660 2330 adfirmavit,
678 2284 707 2315 ac
723 2267 797 2315 siuanl
814 2270 958 2335 incognitas
975 2274 1036 2321 adid

133 2357 235 2410 tempus
246 2343 356 2404 insulas,
368 2356 429 2405 quas
439 2338 550 2388 Orcadas
560 2344 652 2401 roeaul
659 2375 669 2401 ,
680 2340 777 2389 invenit
788 2377 794 2398 ,
806 2340 958 2408 domuitque
972 2364 977 2395 ε
990 2347 1038 2395 dis·

134 2432 209 2486 pecta
221 2427 259 2468 eat
270 2428 296 2466 et
304 2415 404 2474 Thule,
416 2430 491 2478 quam
501 2411 623 2463 hactenias
640 2412 698 2475 nir,
715 2425 741 2463 ea
754 2412 835 2465 laiems
852 2416 983 2469 abdebat-a
1001 2418 1036 2467 sed

135 2509 205 2544 mare
214 2492 314 2557 pigrum
325 2501 350 2540 et
364 2504 440 2554 gnare
450 2488 635 2553 remigantibus
646 2486 796 2553 perhibente
808 2490 933 2541 uetantia
943 2494 1037 2557 quiden

134 2564 240 2635 perinde
249 2565 346 2628 attolli5
357 2562 434 2612 credo
444 2598 451 2621 ,
461 2560 531 2626 qudd
542 2562 649 2611 rariores
662 2574 729 2613 terre
742 2575 905 2629 montesque,
922 2584 1000 2619 causa
1015 2586 1035 2617 aa

135 2638 241 2689 materia
255 2637 452 2699 tempestatum,
464 2644 490 2682 et
503 2632 628 2697 profunda
638 2634 718 2683 moles
731 2636 844 2685 continui
859 2642 937 2691 maris
951 2642 1036 2695 tardius

136 2710 287 2773 impellitur·
307 2708 429 2756 Naturam
449 2707 544 2754 Oceani
563 2717 638 2770 atque
656 2718 729 2757 estus
742 2724 822 2775 neque
839 2727 952 2774 querere
974 2717 1036 2779 hujus

137 2783 222 2849 operis
234 2792 288 2841 est,
301 2796 330 2827 ac
344 2779 418 2831 naulti
428 2780 553 2829 retulere:
569 2797 647 2829 unum
658 2780 815 2841 addiderim,
833 2801 960 2849 nusquam
974 2792 1035 2839 larius

138 2853 264 2903 dominari
273 2869 342 2901 mare
352 2889 360 2914 ,
370 2854 480 2903 multum
491 2851 625 2903 fluminum
635 2854 769 2920 lanceaque
783 2857 843 2904 illuc
852 2856 934 2923 lerre,
945 2880 993 2912 nec
1001 2866 1041 2911 112„

138 2929 194 2969 tore
212 2930 285 2966 tenus
302 2918 446 2968 adcrescere
458 2930 501 2966 aut
514 2918 655 2979 resorberi,
672 2920 715 2969 aed
732 2922 837 2970 inlluere
853 2925 959 2987 penitus
975 2941 1034 2993 atqua

137 2991 250 3051 ambire,
262 2992 337 3039 etiam
347 2990 411 3056 'rugis
419 3002 494 3060 at‘qne
504 2992 634 3051 montibus
645 2994 720 3041 inseri
731 2996 802 3043 velut
811 2994 838 3045 in
847 3012 903 3047 suo.

169 3064 219 3113 Xl.
233 3063 351 3115 Ceterum
367 3064 523 3113 Britanniam
537 3066 579 3128 qrri
596 3068 716 3115 mortales
732 3068 808 3117 initio
822 3069 967 3132 coluerint,
979 3072 1033 3121 iudi-

138 3134 1032 3207 geneanadrectimtiuter-barbar·os‚p·arirmcompertumllabituscur·

76 3277 81 3287 ι
138 3225 228 3275 portam
238 3212 314 3278 varii5
323 3221 434 3278 atqueea
441 3225 634 3277 energumenae.
642 3214 709 3264 Nam
718 3216 798 3263 rutile
806 3216 973 3268 Caledoniam
980 3219 1034 3268 habi·

138 3280 349 3351 iantinmcomae,
362 3286 446 3351 magui
461 3296 548 3344 artua,
565 3286 742 3345 Germanicam
755 3289 879 3357 originem
889 3290 1033 3344 adseverant.
