2100 3709
294 70 531 118 nrsaoastaou
552 73 619 118 tra.
643 73 686 111 ss.
900 61 947 116 iar
994 72 996 76 '

5 145 86 196 situ
96 148 224 200 Batavos:
239 163 266 200 se
283 169 342 203 cum
353 154 465 203 exercitu
476 155 554 220 tergis
569 145 658 202 eorusis'
673 154 833 206 lsaesurunsa.
852 157 885 208 Et
901 149 949 225 o'pa

7 221 113 288 primi
126 236 259 289 poterant,
274 228 294 275 si
309 227 369 278 hinc
381 228 554 288 Hordeonius,
568 227 628 278 inde
643 229 750 288 Gallus,
765 231 841 280 motis
856 232 949 280 utrim-

9 310 85 360 que
97 299 194 363 copiis,
205 298 303 349 medios
312 302 470 352 clausissent.
480 303 584 352 Flaccus
594 302 679 352 omisit
691 302 819 368 inceptum
829 341 835 363 ‚
845 303 950 368 aliisque

6 367 128 419 litteris
144 372 248 423 Gallum
266 377 384 434 monuit,
400 394 432 426 ne
454 382 560 428 terreret
580 376 708 425 abeuntes.
727 375 801 426 Uudt
819 379 930 444 suspicio
940 414 948 438 ,

10 457 126 510 sponte
134 448 276 515 legatorum
286 451 391 501 excitari
401 453 515 517 bell'um5
524 463 664 516 cunctaque
675 469 728 517 qua
738 451 895 513 acciderant,
905 462 949 501 aut

10 523 234 583 metuebantur,
247 545 300 577 non
310 528 399 578 inertid
411 527 517 588 militis,
526 544 609 594 neque
620 526 734 583 hostiurn
748 528 792 592 ri,
804 524 849 576 sed
860 525 947 576 fraude

13 593 132 645 ducum
150 602 277 660 evenire„
760 658 765 666 ¹

62 668 133 720 XX.
144 671 246 732 Batavi,
257 675 430 738 quumcastrit
439 673 616 724 Bonnensibus
625 673 824 740 propinquarent
833 709 840 738 ,
848 671 949 740 praemi·

13 738 103 803 sere,
113 745 161 810 qui
169 747 299 797 Herennio
309 749 385 798 Gallo
396 747 516 798 mandata
527 747 666 798 cohortium
680 755 851 814 exponerent:
863 745 948 794 «Nul-

11 814 88 864 lum
99 817 148 865 sihi
159 817 534 889 bellumadrersusRomanos‚
543 837 589 888 pro
597 821 688 885 quibus
701 822 793 870 totiens
802 820 948 868 bellassent.

13 885 124 954 Longd
146 903 221 956 atque
241 894 314 943 irritd
330 895 423 944 militis
442 895 529 953 sessis,
544 895 630 959 patrie
643 906 718 958 atque
741 895 787 942 otii
802 892 947 960 cupidinem

17 980 100 1014 esse.
113 965 141 1014 Si
149 981 224 1014 nemo
233 968 378 1028 obsisteret,
387 969 521 1018 innoxium
531 971 579 1017 iter
587 967 641 1018 lore
652 987 657 1017 ε
667 971 704 1018 sin
718 985 787 1017 arma
798 977 947 1028 occurrant,

18 1036 104 1089 ferro
119 1040 187 1091 viam
202 1043 383 1094 inventuros».
403 1036 572 1094 Cunctantem
591 1046 702 1110 legatum
717 1045 810 1094 milites
827 1045 948 1111 perpule-

16 1125 93 1162 rant
103 1150 109 1170 ,
121 1132 137 1160 n
145 1116 273 1166 fortunam
287 1117 365 1181 praelii
377 1119 565 1182 experiretur».
578 1119 638 1166 Tria
649 1120 731 1184 millia
741 1121 947 1184 legionariorum,

16 1199 53 1236 et
65 1190 239 1238 tumultuariae
247 1191 381 1257 Belgarum
390 1189 522 1248 cohortes,
538 1191 614 1238 simul
624 1209 778 1257 paganorum
787 1194 946 1256 lixarumque

17 1259 126 1325 ignava
136 1299 142 1318 ‚
154 1261 200 1311 sed
209 1279 304 1330 procax
312 1276 369 1314 ante
379 1264 523 1332 periculum
532 1280 621 1313 manus
630 1300 636 1321 ‚
646 1266 763 1314 omnihus
772 1267 852 1331 portis
862 1283 947 1314 erum·

18 1331 118 1401 punt,
138 1348 167 1384 ut
184 1338 294 1388 Batavos
304 1354 410 1387 numero
425 1339 534 1403 impares
547 1336 757 1386 circumfundant.
778 1339 836 1398 Illi,
850 1350 947 1386 ueteres

18 1408 134 1455 militiae
143 1445 152 1470 ,
162 1410 187 1458 in
201 1428 297 1462 cuneos
308 1418 507 1478 congregantur,
517 1410 591 1460 densi
602 1411 729 1476 undique,
740 1423 765 1460 et
775 1410 884 1460 lrosrtem
894 1422 946 1460 tet·

19 1498 115 1548 gaque
127 1487 232 1536 aelatus
243 1489 301 1536 tuti.
314 1490 355 1538 Sic
363 1499 466 1544 tenuem
476 1499 623 1538 nostrorum
634 1489 712 1536 aciem
723 1487 891 1554 perfringunt.
902 1487 947 1535 Ce-

21 1556 154 1608 deutibus
166 1560 248 1626 Belgis
258 1598 265 1622 ,
281 1563 383 1628 pellitur
392 1563 458 1628 legio
468 1600 475 1620 ,
485 1575 510 1611 et
520 1561 616 1609 vallum
628 1574 763 1627 portasque
773 1559 865 1627 trepidi
877 1551 947 1626 pete·
965 1622 970 1632 Ι

20 1631 106 1680 bant.
117 1630 157 1680 Ibi
168 1634 309 1698 plurimum
318 1635 409 1685 cladis:
422 1636 555 1685 cumulate
565 1634 715 1701 corporibus
727 1635 811 1683 torsa:
824 1650 871 1682 nec
879 1633 946 1682 cade

23 1703 136 1756 tantiam
146 1719 171 1756 et
182 1710 347 1774 vulneribus,
359 1711 404 1759 sed
419 1710 491 1760 ruini
503 1747 510 1770 ,
523 1722 549 1759 et
558 1711 609 1760 suis
619 1711 732 1775 plerique
748 1709 804 1759 telis
818 1707 945 1757 interiere.

26 1782 170 1844 Victores,
183 1783 283 1832 colonid
301 1786 530 1852 Agrippinensium
544 1783 638 1842 vitati,
653 1785 717 1834 nihil
726 1795 810 1833 cetero
819 1777 945 1831 iu'itinere

24 1853 129 1902 hostile
140 1856 195 1903 ausi
204 1892 213 1913 ,.
224 1858 356 1906 Bonnense
366 1860 481 1924 praelium
500 1857 654 1908 excusabant
665 1874 671 1906 :
689 1869 809 1921 tanquam
821 1871 881 1922 pace
899 1869 947 1921 pe·

24 1927 81 1978 siu
91 1964 97 1984 ,
107 1929 241 1992 postqu'am
253 1932 390 1994 negabatur
401 1971 407 1987 ,
420 1933 522 1981 sibimet
535 1932 785 1998 ipsicontuluissent.

69 2002 145 2051 XXI.
157 2002 256 2067 Civilis,
265 2003 378 2051 adventu
389 2017 567 2052 veteranarum
578 2005 735 2064 cohortium,
744 2003 805 2068 justi
815 2002 865 2067 iam
876 2015 947 2050 exet·-

27 2073 101 2124 cirus
113 2073 219 2138 ductor,
231 2076 276 2124 sed
288 2077 388 2126 consilii
398 2078 546 2140 ambiguus,
560 2087 586 2123 et
596 2077 647 2122 vim
659 2077 799 2124 Romanam
811 2086 945 2140 reputans,

27 2161 141 2198 cunctos
150 2151 193 2214 qui
205 2150 322 2211 aderant,
336 2152 361 2198 in
373 2153 448 2199 verba
466 2149 614 2215 Vespasiani
626 2148 703 2212 adigit
716 2165 722 2196 :
735 2148 863 2210 mittitque
875 2147 946 2211 lega·

30 2235 76 2273 tos
93 2221 127 2271 ad
142 2223 204 2274 duas
221 2225 349 2289 legiones,
367 2240 422 2291 que
438 2225 523 2292 priore
542 2226 603 2282 acie,
614 2224 706 2289 pulsu,
721 2221 747 2270 in
756 2221 852 2272 Vetera
865 2230 946 2270 castra

30 2311 228 2358 concesserant,
240 2318 253 2348 n
262 2312 291 2348 ut
299 2300 368 2349 idem
378 2311 563 2350 sacramentum
573 2299 715 2364 acciperent
723 2314 748 2346 r.
759 2293 884 2345 Redditur
892 2309 947 2342 rea-

30 2389 161 2440 pontum,
174 2390 274 2440 (tneque
285 2375 421 2439 proditoris
430 2414 440 2438 ,
449 2391 531 2439 neque
542 2374 653 2440 hostium
664 2391 690 2423 se
702 2372 814 2422 consiliis
825 2369 872 2418 uti.
884 2369 945 2418 Esse

33 2446 85 2499 sibi
96 2447 231 2496 Vitellium
247 2451 402 2514 principem,
415 2465 462 2514 pro
478 2463 529 2511 quo
546 2448 622 2498 iidem
633 2460 660 2498 et
670 2463 739 2496 arma
755 2460 834 2509 usque
854 2441 885 2492 ad
903 2459 948 2490 su-

33 2537 154 2586 premum
164 2523 284 2588 spiritum
291 2531 439 2587 'retenturos
453 2540 459 2570 ι
474 2521 583 2589 proinde
592 2521 696 2588 perfuga
703 2523 813 2571 Batavus
823 2514 948 2588 arbitrum

33 2610 124 2643 rerunt
134 2593 307 2645 Romanorum
316 2613 348 2646 ne
358 2609 456 2661 ageret,
466 2594 510 2646 sed
519 2598 623 2645 meritas
634 2596 736 2645 sceleris
745 2603 832 2660 poenas
841 2607 947 2658 exspec-

34 2681 136 2719 taret».
149 2673 211 2735 Qua
224 2674 267 2721 ubi
278 2674 357 2722 relata
370 2673 461 2736 Civili,
476 2674 593 2730 incensus
607 2670 661 2733 iri,
677 2672 822 2720 universam
835 2667 948 2719 Batavo·

34 2755 97 2795 runi
117 2757 218 2811 gentem
231 2749 336 2797 inerma
352 2748 428 2813 rapit.
440 2749 585 2814 iunguntur
599 2746 714 2796 Bructeri
724 2745 892 2810 Tencterique
904 2779 912 2804 ,
923 2754 949 2796 et

35 2820 120 2871 exeita
134 2821 230 2869 nuntiis
238 2821 392 2883 Germania,
404 2823 436 2871 ad
446 2822 556 2891 praedam
567 2819 718 2886 famamque.

70 2892 158 2944 xxti.
174 2894 303 2945 Adversus
320 2897 363 2946 has
373 2898 433 2946 belli
442 2896 616 2947 concurrentis
626 2897 716 2956 minas,
725 2893 801 2962 legati
808 2895 953 2960 legionum,

35 2965 177 3020 Mummius
188 2968 334 3037 Lupercus,
351 2985 376 3021 et
392 2973 524 3023 Numisius
536 2972 634 3035 Rufus,
647 2971 743 3021 vallum
755 2985 889 3035 murosque
903 2968 950 3014 lir-

37 3042 159 3100 mahant:
171 3046 291 3094 subversa
300 3047 378 3112 longae
389 3049 458 3114 pacis
467 3065 544 3113 opera
554 3084 561 3107 ,
570 3045 638 3096 haud
649 3047 737 3112 procul
746 3045 835 3092 castris
853 3043 878 3089 in
889 3054 948 3088 mo·

40 3119 102 3167 dum
118 3120 249 3184 municipii
265 3135 411 3178 exstructa,
427 3139 459 3172 ne
476 3120 594 3172 hostibus
611 3123 668 3169 usui
685 3121 776 3170 serent.
794 3114 842 3165 Sed
860 3128 950 3178 parum

37 3193 170 3262 provisum
179 3229 186 3252 ,
196 3205 224 3242 nt
233 3195 315 3259 copias
320 3195 344 3242 iu
355 3205 438 3244 castra
447 3195 652 3245 conveherentur
662 3211 668 3241 :
682 3194 737 3258 rapi
753 3187 898 3254 permisere·
909 3187 949 3234 lla

38 3268 125 3338 paucis
137 3266 225 3316 diebus
236 3285 279 3334 per
291 3269 419 3318 licentiam
428 3268 562 3334 absumpta
576 3278 649 3330 suut,
663 3285 716 3332 qua
731 3265 850 3316 adversus
859 3264 950 3311 neces·

39 3348 126 3400 sitates
142 3342 285 3410 inlongpm
295 3344 462 3400 suffecissent.
471 3343 561 3401 Civilis
573 3342 684 3396 medium
694 3357 783 3425 agmen
792 3355 850 3391 cum
859 3337 950 3390 rubore
