2100 3709
247 41 658 111 ussronrtrsussnrsatr(
697 63 699 67 ’
743 126 746 130 7
810 55 912 127 sm

11 152 56 205 tilii
67 146 165 207 anxius.
183 153 207 205 ls
219 154 314 205 crebris
332 158 491 207 sermonibus
508 136 675 207 tentareritne
691 157 808 211 Pisonem
820 162 851 211 ad
861 168 904 214 ‘res

12 244 83 293 oras,
103 247 135 277 an
154 230 263 279 tentanti
279 230 419 292 restiterit,
439 230 583 294 incertum,
603 233 722 297 quoniam
742 249 839 285 secreto
857 254 905 286 eo.

11 321 49 351 um
70 320 145 351 nemo
170 300 270 362 adluit,
293 314 341 363 et,
366 304 449 351 occiso
472 302 587 365 Pisone,
606 305 720 369 plerique
743 308 776 355 ad
796 313 904 373 gratiam

11 374 165 424 iterfectoris
186 374 346 424 inclinavere.
370 375 425 433 Nec
446 378 597 442 ambigitur,
618 380 775 443 provinciam
791 394 818 429 et
835 386 908 439 mili·

11 467 47 498 em
61 452 172 501 aliena'tu
192 466 250 514 erga
261 450 446 515 Vespasianum
462 454 549 501 animo
562 450 639 501 fuisse
647 473 654 516 ;
674 454 817 520 etquidem
831 457 844 505 ὲ
857 459 907 507 vi-

11 524 119 587 sllianis,
139 524 202 572 urbe
212 516 332 591 profugi,
353 527 514 575 ostentabant
532 525 618 582 Pisoni
636 539 778 577 nntttantcs
794 531 927 595 Gallias„

11 608 104 645 aratam
120 597 293 659 Germaniam,
307 598 416 663 pericula
430 600 507 664 ipsius
518 636 524 657 ,
535 611 561 648 et
578 601 603 649 in
619 616 680 665 pace
693 602 808 667 suspectis
825 608 906 656 tutius

12 670 125 719 ellumu.
145 668 285 736 Interque
303 672 425 721 Claudius
443 671 554 739 Sagitta,
573 673 704 744 praelectus
721 675 764 722 alae
782 674 906 737 Petrina,
972 707 974 710 ·
1037 651 1038 708 i

11 742 113 809 rosperrl
130 744 289 809 enavigatione
304 746 426 811 praevenit
444 745 587 813 Papirium,
605 749 794 811 centurionem,
814 750 907 800 artu·

11 814 66 864 iano
84 817 207 878 missurn,
224 818 438 884 adseveravitque
459 820 602 871 amandata
622 822 796 872 interficiendi
807 825 907 874 Pisonis

11 890 136 938 enturioni
147 888 215 941 data.
233 893 359 943 cecidisse
374 894 539 945 Galerianum
549 932 557 952 ,
567 896 750 945 consobrinum
762 895 816 959 ejus
826 912 908 961 gene-

11 978 110 1027 umque.
123 963 243 1015 Unamin
254 968 356 1017 audacia
367 984 438 1032 spem
447 968 545 1017 salutis.
556 968 605 1019 Sed
615 969 667 1017 duo
678 960 917 1034 itinera‘audendif

11 1052 39 1091 eu
52 1037 139 1087 mallet
150 1040 237 1088 statim
246 1054 329 1097 arma,
342 1056 395 1097 ssu,
406 1040 485 1105 petiti
496 1042 602 1089 navibus
613 1040 705 1105 Gallid,
718 1031 846 1092 ducemse
857 1038 908 1093 Vi-

11 1109 107 1157 ellianis
116 1112 267 1173 spurcitibus
276 1110 421 1161 ostenderet
429 1128 454 1159 s.
468 1111 539 1160 Nihil
548 1111 582 1159 ad
592 1127 621 1159 es
636 1124 709 1160 moto
723 1114 830 1173 Pisone,
845 1132 908 1165 ceu-

11 1182 89 1232 uriob
105 1184 224 1233 Muciano
237 1184 350 1243 missus,
370 1196 399 1233 ut
408 1194 510 1251 portum
525 1184 685 1249 Carthaginis
701 1186 800 1250 attigit,
817 1187 908 1253 magnai

11 1252 72 1315 oce,
85 1258 142 1307 lata
151 1257 238 1307 Pisoni
253 1258 354 1314 omina,
367 1269 485 1321 tanquam
500 1256 625 1322 principi,
638 1253 802 1320 continuare,
819 1260 913 1309 obvios·

12 1332 118 1380 tsubitae
128 1333 165 1380 rei
177 1332 299 1381 miraculo
311 1332 447 1391 attonitos,
458 1342 488 1380 ut
496 1329 584 1379 eadem
595 1327 770 1395 adstreperent
778 1366 784 1385 ,
793 1331 908 1379 hortari:

11 1406 87 1469 ulgus
100 1404 241 1461 credulum,
249 1420 322 1455 ruere
337 1406 363 1455 io
374 1404 471 1469 lorutn3
491 1402 673 1469 «presentiam
683 1402 803 1451 Pisonis»
816 1420 910 1470 expos-

13 1492 64 1525 ere.
77 1478 179 1529 Gaudio
188 1478 391 1544 clamoribusque
403 1489 494 1529 cuneta
504 1476 660 1535 miscebant,
671 1475 830 1542 indiligentia
842 1480 912 1541 veri,

14 1564 22 1600 t
34 1552 154 1601 adulandi
173 1552 288 1604 libidine.
305 1554 378 1611 Piso,
395 1554 491 1619 indicio
505 1552 619 1617 Sagittae,
631 1551 757 1621 vel-insiti
772 1551 913 1612 modestia,

11 1642 49 1674 ron
63 1628 89 1674 in
103 1624 235 1691 publicum
255 1636 368 1693 egressus
383 1636 433 1687 est,
451 1644 534 1692 neque
545 1621 572 1676 se
590 1623 681 1675 studiis
698 1624 767 1691 vulgi
782 1627 914 1691 permisite

11 1700 231 1768 lenturionemque
241 1709 421 1769 percunctatus
429 1740 436 1767 ,
445 1715 579 1770 postquam
592 1693 745 1766 «quarsittim
758 1702 807 1751 sibi
817 1704 913 1752 crimen

13 1774 162 1839 sedemque»
176 1776 313 1842 comperit,
325 1776 515 1825 «animadverti
528 1777 554 1824 in
568 1792 626 1823 eum
637 1790 652 1821 t>
671 1774 757 1838 jussit,
770 1774 837 1823 baud
850 1792 911 1841 per-

11 1849 54 1897 nde
64 1862 110 1911 spe
119 1850 194 1915 rita,
205 1848 281 1914 quam
301 1848 339 1899 ira
351 1851 377 1899 in
387 1865 574 1917 percussorem,
587 1846 656 1912 qudd
669 1847 735 1895 idem
749 1864 781 1897 ex
792 1849 912 1899 interfec-
940 1909 943 1916 s

12 1924 100 1971 oribus
116 1920 199 1970 clodii
209 1916 288 1972 blaesi
298 1958 305 1981 ,
317 1934 433 1971 cruentas
441 1923 520 1987 legati
528 1922 650 1987 sanguine
660 1936 750 1970 manus
756 1958 763 1980 ,
776 1922 808 1970 ad
818 1923 912 1974 caedem
934 1986 937 1992 1

11 1996 156 2045 rooonsulis
167 1992 396 2045 retulisset.'Ansio
409 1994 501 2040 deiude
512 1996 596 2040 edicto
608 1994 858 2057 Carthaginiensibus
869 1999 912 2046 in-

11 2071 119 2135 trepitis,
134 2064 367 2131 nesolita·quidem
385 2065 473 2113 munia
489 2063 642 2128 usurpabat,
655 2064 756 2113 clausus
774 2068 842 2114 iutra
857 2069 907 2117 do-

11 2160 86 2205 num,
98 2160 131 2192 ne
143 2158 191 2208 qua
204 2140 289 2190 motus
300 2138 361 2189 nori
371 2153 445 2185 causa
456 2136 496 2185 rel
508 2133 573 2183 forte
583 2135 701 2183 oriretur.

34 2218 64 2267 L.
78 2216 130 2266 Sed
147 2216 190 2264 ubi
203 2216 278 2263 Festo
291 2210 462 2263 consternatio
473 2207 541 2273 vulgi
548 2244 556 2268 ‚
572 2207 727 2256 centurionis
740 2210 912 2275 supplicium,
933 2258 938 2266 ,

11 2308 111 2355 yeraque
123 2301 149 2338 et
161 2283 238 2346 salsa,
249 2305 319 2339 more
332 2287 402 2335 sama
409 2322 416 2345 ,
428 2285 454 2334 in
469 2282 550 2349 majus
560 2281 709 2343 innotuere,
718 2284 816 2348 equites
827 2286 854 2334 iu
862 2302 912 2337 ne-

11 2382 57 2415 tem
68 2364 169 2415 Pisonis
180 2364 269 2413 mittit.
281 2362 323 2411 llli
332 2362 425 2426 raptim
433 2361 514 2415 recti,
526 2357 635 2405 obscuro
643 2356 726 2413 adhue
734 2370 820 2426 coeptae
827 2359 892 2409 lucis
901 2397 923 2424 ,.

11 2438 110 2489 lentum
121 2436 438 2501 proconsulis‘irrumpuot
447 2470 457 2493 ,
469 2430 596 2479 destrictis
605 2428 707 2492 gladiis,
720 2435 746 2478 et
755 2446 844 2496 uragna
853 2449 911 2498 pars

11 2514 101 2577 lisonis
112 2511 190 2576 ignari
195 2546 202 2571 ,
213 2508 281 2574 quod
293 2510 382 2559 Poenos
394 2505 524 2555 auxiliares
535 2539 540 2559 .
550 2504 700 2567 Maurosque
710 2504 736 2552 in
747 2509 803 2551 eam
817 2504 911 2555 caedeus

11 2586 130 2653 {elegerat
143 2604 148 2633 ι
162 2584 230 2634 haud
241 2586 329 2649 procul
338 2582 469 2644 cubiculo,
482 2578 587 2643 ebrium
599 2574 664 2627 forte
680 2593 782 2626 serrum
790 2613 798 2636 ,
815 2580 913 2644 aquis·

11 2679 76 2717 taus,
89 2670 115 2709 et
130 2660 173 2707 ubi
185 2670 251 2709 esset
268 2658 346 2708 Pisoo
357 2653 369 2705 Ρ
382 2650 577 2719 interrogavere.
588 2651 679 2699 Servus
691 2649 792 2715 egregio
801 2652 911 2703 menda-
957 2671 960 2674 ·

11 2738 56 2793 tio,
83 2748 132 2782 use
143 2732 261 2783 Pisonem
273 2748 348 2780 esset>
361 2726 506 2795 respondit,
528 2725 653 2773 aestatim
667 2724 832 2773 obtruncatur
846 2745 851 2774 :
864 2742 910 2779 nee

11 2805 157 2872 nultbpdst,
167 2808 225 2858 Piso
233 2804 390 2853 interficitur.
401 2802 515 2865 Namque
527 2795 622 2854 aderat,
633 2798 909 2862 quinosceret,liebius

11 2882 131 2941 lisssa,e
152 2876 358 2949 procuratoribus
371 2875 462 2925 Africa
470 2913 478 2936 ,
495 2873 545 2937 iam
560 2882 620 2921 tune
638 2874 735 2938 optimo
747 2874 838 2938 cuique
858 2878 911 2927 eri·

11 2961 102 3020 iosus,
116 2968 144 3005 et
153 2958 177 3004 in
187 2970 273 3003 causas
286 2954 426 3007 malorum,
438 2965 491 3015 quae
503 2962 563 2995 mot
574 2947 696 3009 tulimus,
711 2946 800 3013 saepibs
810 2948 910 2997 reditu·

11 3048 55 3082 ·us.
69 3032 158 3081 Festus
169 3027 323 3083 Adrumeto,
336 3024 379 3073 ubi
393 3019 595 3089 speculabundus
603 3020 766 3075 substiterat,
777 3020 809 3067 ad
825 3021 911 3083 legio·

11 3120 61 3156 tem
75 3102 216 3161 contendit,
228 3100 422 3166 praefectumque
437 3107 594 3155 castrorum,
609 3094 755 3142 Cetronium
771 3091 906 3150 Pisanum,

11 3179 95 3228 tinciri
111 3176 194 3239 jussit,
210 3160 325 3241 proprias
338 3172 370 3218 ob
383 3169 538 3231 simultatem
552 3166 597 3214 sed
613 3166 733 3214 «Pisonis
749 3163 882 3217 satellitem
893 3180 911 3217 n

11 3254 124 3301 rorabat?
135 3250 278 3313 militesque
287 3256 312 3295 et
322 3244 483 3291 centuriones
491 3240 613 3304 quosdam
622 3240 718 3303 puniit,
728 3238 790 3292 alios
800 3237 909 3303 praemiis
991 3304 994 3309 .

11 3327 110 3379 idlecit:
125 3335 244 3375 neutrum
255 3316 285 3373 ei
298 3319 405 3379 merito,
419 3315 463 3367 sed
476 3324 503 3365 ut
516 3313 669 3380 oppressisse
681 3310 777 3361 bellurn
789 3307 908 3362 credere·¹

727 3380 751 3434 Τ
