<?xml version="1.0" encoding="UTF-8"?>
<!DOCTYPE html PUBLIC "-//W3C//DTD XHTML 1.0 Transitional//EN"
    "http://www.w3.org/TR/xhtml1/DTD/xhtml1-transitional.dtd">
<html xmlns="http://www.w3.org/1999/xhtml" xml:lang="en" lang="en">
 <head>
  <title>
</title>
<meta http-equiv="Content-Type" content="text/html;charset=utf-8" />
  <meta name='ocr-system' content='tesseract 3.04.00' />
  <meta name='ocr-capabilities' content='ocr_page ocr_carea ocr_par ocr_line ocrx_word'/>
</head>
<body>
  <div class='ocr_page' id='page_1' title='image "./ccorntacitioper00brotgoog_0315.png"; bbox 0 0 2100 3709; ppageno 0'>
   <div class='ocr_carea' id='block_1_1' title="bbox 62 35 1037 205">
    <p class='ocr_par' dir='ltr' id='par_1_1' title="bbox 62 35 1037 205">
     <span class='ocr_line' id='line_1_1' title="bbox 130 35 722 91; baseline -0.002 -1"><span class='ocrx_word' id='word_1_1' title='bbox 130 35 180 90; x_wconf 73' lang='lat'><strong>516</strong></span> <span class='ocrx_word' id='word_1_2' title='bbox 285 51 296 67; x_wconf 90' lang='grc'><em>·</em></span> <span class='ocrx_word' id='word_1_3' title='bbox 438 50 464 88; x_wconf 86' lang='lat' dir='ltr'><strong>c.</strong></span> <span class='ocrx_word' id='word_1_4' title='bbox 487 51 583 91; x_wconf 82' lang='lat' dir='ltr'><strong>coar.</strong></span> <span class='ocrx_word' id='word_1_5' title='bbox 606 49 722 91; x_wconf 81' lang='lat' dir='ltr'><strong>racrer</strong></span> 
     </span>
     <span class='ocr_line' id='line_1_2' title="bbox 62 130 1037 205; baseline 0.01 -24"><span class='ocrx_word' id='word_1_6' title='bbox 62 159 69 167; x_wconf 50' lang='grc' dir='ltr'><strong>ι</strong></span> <span class='ocrx_word' id='word_1_7' title='bbox 128 132 200 183; x_wconf 82' lang='lat' dir='ltr'><strong>adue</strong></span> <span class='ocrx_word' id='word_1_8' title='bbox 209 130 442 191; x_wconf 55' lang='lat' dir='ltr'><strong>primumcum</strong></span> <span class='ocrx_word' id='word_1_9' title='bbox 451 145 477 183; x_wconf 90' lang='lat' dir='ltr'><strong>et</strong></span> <span class='ocrx_word' id='word_1_10' title='bbox 488 134 619 201; x_wconf 76' lang='lat' dir='ltr'><strong>Alpes,</strong></span> <span class='ocrx_word' id='word_1_11' title='bbox 628 152 751 184; x_wconf 77' lang='lat' dir='ltr'><strong>immensa</strong></span> <span class='ocrx_word' id='word_1_12' title='bbox 760 150 858 187; x_wconf 80' lang='lat' dir='ltr'><strong>viarum</strong></span> <span class='ocrx_word' id='word_1_13' title='bbox 871 137 974 205; x_wconf 80' lang='lat' dir='ltr'><strong>spatia,</strong></span> <span class='ocrx_word' id='word_1_14' title='bbox 987 150 1037 191; x_wconf 52' lang='grc' dir='ltr'>ῳ</span> 
     </span>
    </p>
   </div>
   <div class='ocr_carea' id='block_1_2' title="bbox 61 208 1038 3294">
    <p class='ocr_par' dir='ltr' id='par_1_2' title="bbox 91 208 881 256">
     <span class='ocr_line' id='line_1_3' title="bbox 91 208 881 256; baseline -0.006 0"><span class='ocrx_word' id='word_1_15' title='bbox 91 213 93 217; x_wconf 83' lang='grc'><strong>“</strong></span> <span class='ocrx_word' id='word_1_16' title='bbox 131 208 179 256; x_wconf 80' lang='lat' dir='ltr'><strong>cub</strong></span> <span class='ocrx_word' id='word_1_17' title='bbox 189 222 266 255; x_wconf 84' lang='lat' dir='ltr'><strong>armrt</strong></span> <span class='ocrx_word' id='word_1_18' title='bbox 277 218 441 256; x_wconf 79' lang='lat' dir='ltr'><strong>eniterentur</strong></span> <span class='ocrx_word' id='word_1_19' title='bbox 877 244 881 251; x_wconf 95' lang='grc'><strong>,</strong></span> 
     </span>
    </p>

    <p class='ocr_par' dir='ltr' id='par_1_3' title="bbox 84 280 1035 1081">
     <span class='ocr_line' id='line_1_4' title="bbox 84 280 1033 345; baseline 0.003 -16"><span class='ocrx_word' id='word_1_20' title='bbox 84 333 88 342; x_wconf 54' lang='grc'><strong>,</strong></span> <span class='ocrx_word' id='word_1_21' title='bbox 161 280 257 329; x_wconf 75' lang='lat' dir='ltr'>XXIV.</span> <span class='ocrx_word' id='word_1_22' title='bbox 269 280 464 345; x_wconf 72' lang='lat' dir='ltr'><strong>Flagrantibus</strong></span> <span class='ocrx_word' id='word_1_23' title='bbox 458 298 506 343; x_wconf 69' lang='lat' dir='ltr'><strong>pant</strong></span> <span class='ocrx_word' id='word_1_24' title='bbox 517 281 629 331; x_wconf 79' lang='lat' dir='ltr'><strong>militum</strong></span> <span class='ocrx_word' id='word_1_25' title='bbox 638 281 898 339; x_wconf 78' lang='lat' dir='ltr'><strong>anrmra,relutsacca</strong></span> <span class='ocrx_word' id='word_1_26' title='bbox 908 283 1033 333; x_wconf 78' lang='lat' dir='ltr'><strong>addiderat</strong></span> 
     </span>
     <span class='ocr_line' id='line_1_5' title="bbox 126 352 1035 421; baseline 0.001 -17"><span class='ocrx_word' id='word_1_27' title='bbox 126 355 234 405; x_wconf 71' lang='lat' dir='ltr'><strong>aternu</strong></span> <span class='ocrx_word' id='word_1_28' title='bbox 241 352 356 415; x_wconf 76' lang='lat' dir='ltr'><strong>Pudens,</strong></span> <span class='ocrx_word' id='word_1_29' title='bbox 368 354 381 401; x_wconf 75' lang='lat' dir='ltr'><strong>d</strong></span> <span class='ocrx_word' id='word_1_30' title='bbox 391 356 514 419; x_wconf 78' lang='lat' dir='ltr'>proximis</span> <span class='ocrx_word' id='word_1_31' title='bbox 522 356 642 421; x_wconf 72' lang='lat' dir='ltr'><strong>Tigellini</strong></span> <span class='ocrx_word' id='word_1_32' title='bbox 655 374 660 405; x_wconf 92' lang='lat'>:</span> <span class='ocrx_word' id='word_1_33' title='bbox 671 358 692 403; x_wconf 88' lang='lat' dir='ltr'><strong>ie</strong></span> <span class='ocrx_word' id='word_1_34' title='bbox 700 357 895 405; x_wconf 77' lang='lat' dir='ltr'>mobilissimum</span> <span class='ocrx_word' id='word_1_35' title='bbox 912 374 1035 421; x_wconf 80' lang='lat' dir='ltr'><strong>quemque</strong></span> 
     </span>
     <span class='ocr_line' id='line_1_6' title="bbox 128 428 1034 496; baseline 0.001 -19"><span class='ocrx_word' id='word_1_36' title='bbox 128 429 244 494; x_wconf 73' lang='lat' dir='ltr'><strong>ingenio.</strong></span> <span class='ocrx_word' id='word_1_37' title='bbox 255 441 299 477; x_wconf 87' lang='lat' dir='ltr'><strong>aut</strong></span> <span class='ocrx_word' id='word_1_38' title='bbox 306 428 418 494; x_wconf 79' lang='lat' dir='ltr'><strong>pecunia</strong></span> <span class='ocrx_word' id='word_1_39' title='bbox 429 428 562 494; x_wconf 81' lang='lat' dir='ltr'><strong>indigum,</strong></span> <span class='ocrx_word' id='word_1_40' title='bbox 577 438 605 476; x_wconf 87' lang='lat' dir='ltr'><strong>ct</strong></span> <span class='ocrx_word' id='word_1_41' title='bbox 619 431 643 478; x_wconf 91' lang='lat' dir='ltr'><strong>in</strong></span> <span class='ocrx_word' id='word_1_42' title='bbox 656 445 734 477; x_wconf 79' lang='lat' dir='ltr'><strong>norat</strong></span> <span class='ocrx_word' id='word_1_43' title='bbox 749 430 899 495; x_wconf 72' lang='lat' dir='ltr'><strong>cupiditates</strong></span> <span class='ocrx_word' id='word_1_44' title='bbox 919 432 1034 496; x_wconf 81' lang='lat' dir='ltr'><strong>praecipi-</strong></span> 
     </span>
     <span class='ocr_line' id='line_1_7' title="bbox 127 500 1034 566; baseline 0 -18"><span class='ocrx_word' id='word_1_45' title='bbox 127 500 336 557; x_wconf 87' lang='lat' dir='ltr'><strong>temalliciendo‚</strong></span> <span class='ocrx_word' id='word_1_46' title='bbox 349 517 380 551; x_wconf 88' lang='lat' dir='ltr'><strong>eo</strong></span> <span class='ocrx_word' id='word_1_47' title='bbox 390 500 510 565; x_wconf 79' lang='lat' dir='ltr'><strong>paulatim</strong></span> <span class='ocrx_word' id='word_1_48' title='bbox 521 514 669 565; x_wconf 73' lang='lat' dir='ltr'><strong>progressui</strong></span> <span class='ocrx_word' id='word_1_49' title='bbox 678 513 729 558; x_wconf 86' lang='lat' dir='ltr'><strong>cat</strong></span> <span class='ocrx_word' id='word_1_50' title='bbox 741 512 769 548; x_wconf 90' lang='lat' dir='ltr'><strong>ut</strong></span> <span class='ocrx_word' id='word_1_51' title='bbox 779 518 841 566; x_wconf 84' lang='lat' dir='ltr'><strong>per</strong></span> <span class='ocrx_word' id='word_1_52' title='bbox 851 516 970 566; x_wconf 81' lang='lat' dir='ltr'><strong>speciem</strong></span> <span class='ocrx_word' id='word_1_53' title='bbox 981 518 1034 549; x_wconf 90' lang='lat' dir='ltr'><strong>con</strong></span> 
     </span>
     <span class='ocr_line' id='line_1_8' title="bbox 126 572 1034 651; baseline 0.002 -30"><span class='ocrx_word' id='word_1_54' title='bbox 126 574 190 623; x_wconf 79' lang='lat' dir='ltr'><strong>vivii</strong></span> <span class='ocrx_word' id='word_1_55' title='bbox 197 573 332 640; x_wconf 72' lang='lat' dir='ltr'><strong>quotient</strong></span> <span class='ocrx_word' id='word_1_56' title='bbox 343 573 499 639; x_wconf 81' lang='lat' dir='ltr'><strong>Galbaapud</strong></span> <span class='ocrx_word' id='word_1_57' title='bbox 514 572 643 622; x_wconf 84' lang='lat' dir='ltr'><strong>Othonem</strong></span> <span class='ocrx_word' id='word_1_58' title='bbox 656 573 815 651; x_wconf 87' lang='lat' dir='ltr'><strong>epularetur</strong></span> <span class='ocrx_word' id='word_1_59' title='bbox 830 572 953 634; x_wconf 80' lang='lat' dir='ltr'><strong>cohorti,</strong></span> <span class='ocrx_word' id='word_1_60' title='bbox 966 592 1034 623; x_wconf 81' lang='lat' dir='ltr'><strong>excu</strong></span> 
     </span>
     <span class='ocr_line' id='line_1_9' title="bbox 128 610 1034 733; baseline 0 -38"><span class='ocrx_word' id='word_1_61' title='bbox 128 646 290 711; x_wconf 78' lang='lat' dir='ltr'><strong>biaaageuti,</strong></span> <span class='ocrx_word' id='word_1_62' title='bbox 300 646 397 695; x_wconf 76' lang='lat' dir='ltr'><strong>viritim</strong></span> <span class='ocrx_word' id='word_1_63' title='bbox 408 658 528 696; x_wconf 73' lang='lat' dir='ltr'><strong>centenos</strong></span> <span class='ocrx_word' id='word_1_64' title='bbox 538 662 658 694; x_wconf 75' lang='lat' dir='ltr'><strong>nummos</strong></span> <span class='ocrx_word' id='word_1_65' title='bbox 669 636 808 694; x_wconf 74' lang='lat' dir='ltr'><strong>dividerit:</strong></span> <span class='ocrx_word' id='word_1_66' title='bbox 816 661 891 710; x_wconf 81' lang='lat' dir='ltr'><strong>quam</strong></span> <span class='ocrx_word' id='word_1_67' title='bbox 904 610 984 695; x_wconf 78' lang='lat' dir='ltr'><strong>velut</strong></span> <span class='ocrx_word' id='word_1_68' title='bbox 994 666 1034 733; x_wconf 84' lang='grc' dir='ltr'><strong>ρι-</strong></span> 
     </span>
     <span class='ocr_line' id='line_1_10' title="bbox 125 720 1035 787; baseline -0.001 -17"><span class='ocrx_word' id='word_1_69' title='bbox 125 722 221 770; x_wconf 86' lang='lat' dir='ltr'><strong>blicam</strong></span> <span class='ocrx_word' id='word_1_70' title='bbox 235 721 394 786; x_wconf 77' lang='lat' dir='ltr'><strong>largitionem</strong></span> <span class='ocrx_word' id='word_1_71' title='bbox 408 720 492 780; x_wconf 89' lang='lat' dir='ltr'><strong>Otho,</strong></span> <span class='ocrx_word' id='word_1_72' title='bbox 512 721 688 771; x_wconf 83' lang='lat' dir='ltr'><strong>accretioribus</strong></span> <span class='ocrx_word' id='word_1_73' title='bbox 705 720 772 787; x_wconf 90' lang='lat' dir='ltr'><strong>apud</strong></span> <span class='ocrx_word' id='word_1_74' title='bbox 786 722 897 785; x_wconf 76' lang='lat' dir='ltr'><strong>cingulos</strong></span> <span class='ocrx_word' id='word_1_75' title='bbox 913 722 1035 786; x_wconf 81' lang='lat' dir='ltr'><strong>praemiis,</strong></span> 
     </span>
     <span class='ocr_line' id='line_1_11' title="bbox 125 789 1034 862; baseline -0.006 -15"><span class='ocrx_word' id='word_1_76' title='bbox 125 796 277 847; x_wconf 78' lang='lat' dir='ltr'><strong>intendebat</strong></span> <span class='ocrx_word' id='word_1_77' title='bbox 287 814 293 844; x_wconf 75' lang='grc' dir='ltr'><strong><em>ε</em></strong></span> <span class='ocrx_word' id='word_1_78' title='bbox 309 795 373 845; x_wconf 79' lang='lat' dir='ltr'><strong>adeo</strong></span> <span class='ocrx_word' id='word_1_79' title='bbox 384 798 514 846; x_wconf 70' lang='lat' dir='ltr'><strong>animosae</strong></span> <span class='ocrx_word' id='word_1_80' title='bbox 524 808 674 862; x_wconf 87' lang='lat' dir='ltr'><strong>corruptor,</strong></span> <span class='ocrx_word' id='word_1_81' title='bbox 683 807 712 843; x_wconf 90' lang='lat' dir='ltr'><strong>ut</strong></span> <span class='ocrx_word' id='word_1_82' title='bbox 722 796 830 845; x_wconf 84' lang='lat' dir='ltr'><strong>Cocceio</strong></span> <span class='ocrx_word' id='word_1_83' title='bbox 839 789 955 843; x_wconf 82' lang='lat' dir='ltr'><strong>Proculo</strong></span> <span class='ocrx_word' id='word_1_84' title='bbox 965 833 973 853; x_wconf 97' lang='lat'><strong>,</strong></span> <span class='ocrx_word' id='word_1_85' title='bbox 985 812 1034 860; x_wconf 80' lang='lat' dir='ltr'><strong>spe·</strong></span> 
     </span>
     <span class='ocr_line' id='line_1_12' title="bbox 121 868 1035 935; baseline -0.004 -16"><span class='ocrx_word' id='word_1_86' title='bbox 121 870 249 933; x_wconf 66' lang='lat' dir='ltr'><strong>cuiatem,</strong></span> <span class='ocrx_word' id='word_1_87' title='bbox 263 868 294 917; x_wconf 86' lang='lat' dir='ltr'><strong>de</strong></span> <span class='ocrx_word' id='word_1_88' title='bbox 303 881 375 935; x_wconf 87' lang='lat' dir='ltr'><strong>parte</strong></span> <span class='ocrx_word' id='word_1_89' title='bbox 389 870 480 918; x_wconf 87' lang='lat' dir='ltr'><strong>finium</strong></span> <span class='ocrx_word' id='word_1_90' title='bbox 494 886 552 917; x_wconf 90' lang='lat' dir='ltr'><strong>cum</strong></span> <span class='ocrx_word' id='word_1_91' title='bbox 565 868 650 917; x_wconf 83' lang='lat' dir='ltr'><strong>vicino</strong></span> <span class='ocrx_word' id='word_1_92' title='bbox 661 868 814 932; x_wconf 78' lang='lat' dir='ltr'><strong>ambigenti,</strong></span> <span class='ocrx_word' id='word_1_93' title='bbox 829 868 985 916; x_wconf 78' lang='lat' dir='ltr'><strong>uniret-aum</strong></span> <span class='ocrx_word' id='word_1_94' title='bbox 1002 870 1035 915; x_wconf 84' lang='lat' dir='ltr'><strong>ri-</strong></span> 
     </span>
     <span class='ocr_line' id='line_1_13' title="bbox 126 936 1035 1011; baseline -0.002 -20"><span class='ocrx_word' id='word_1_95' title='bbox 126 943 180 991; x_wconf 84' lang='lat' dir='ltr'><strong>cini</strong></span> <span class='ocrx_word' id='word_1_96' title='bbox 191 959 291 1008; x_wconf 79' lang='lat' dir='ltr'><strong>agrurn,</strong></span> <span class='ocrx_word' id='word_1_97' title='bbox 306 942 350 991; x_wconf 79' lang='lat' dir='ltr'><strong>aul</strong></span> <span class='ocrx_word' id='word_1_98' title='bbox 361 944 468 1009; x_wconf 73' lang='lat' dir='ltr'><strong>pecnnii</strong></span> <span class='ocrx_word' id='word_1_99' title='bbox 481 956 597 1011; x_wconf 87' lang='lat' dir='ltr'><strong>emptum</strong></span> <span class='ocrx_word' id='word_1_100' title='bbox 605 978 613 1002; x_wconf 90' lang='lat'><strong>,</strong></span> <span class='ocrx_word' id='word_1_101' title='bbox 628 942 695 1007; x_wconf 80' lang='lat' dir='ltr'><strong>dono</strong></span> <span class='ocrx_word' id='word_1_102' title='bbox 708 940 824 991; x_wconf 88' lang='lat' dir='ltr'><strong>dederit:</strong></span> <span class='ocrx_word' id='word_1_103' title='bbox 838 936 1035 1006; x_wconf 74' lang='lat' dir='ltr'><strong>periocordian</strong></span> 
     </span>
     <span class='ocr_line' id='line_1_14' title="bbox 127 1014 805 1081; baseline -0.003 -18"><span class='ocrx_word' id='word_1_104' title='bbox 127 1014 252 1081; x_wconf 70' lang='lat' dir='ltr'><strong>praelecti,</strong></span> <span class='ocrx_word' id='word_1_105' title='bbox 264 1031 339 1079; x_wconf 86' lang='lat' dir='ltr'><strong>quem</strong></span> <span class='ocrx_word' id='word_1_106' title='bbox 352 1028 412 1065; x_wconf 86' lang='lat' dir='ltr'><strong>uota</strong></span> <span class='ocrx_word' id='word_1_107' title='bbox 423 1018 517 1081; x_wconf 88' lang='lat' dir='ltr'><strong>pariter</strong></span> <span class='ocrx_word' id='word_1_108' title='bbox 529 1019 666 1079; x_wconf 28' lang='lat' dir='ltr'><strong>‹et-occulta</strong></span> <span class='ocrx_word' id='word_1_109' title='bbox 676 1014 805 1065; x_wconf 78' lang='lat' dir='ltr'><strong>fallebant.</strong></span> 
     </span>
    </p>

    <p class='ocr_par' dir='ltr' id='par_1_4' title="bbox 61 1086 1038 1948">
     <span class='ocr_line' id='line_1_15' title="bbox 159 1086 1035 1155; baseline 0 -18"><span class='ocrx_word' id='word_1_110' title='bbox 159 1086 246 1137; x_wconf 84' lang='lat' dir='ltr'>XXV.</span> <span class='ocrx_word' id='word_1_111' title='bbox 262 1086 313 1135; x_wconf 84' lang='lat' dir='ltr'><strong>Sed</strong></span> <span class='ocrx_word' id='word_1_112' title='bbox 323 1099 378 1136; x_wconf 88' lang='lat' dir='ltr'><strong>tum</strong></span> <span class='ocrx_word' id='word_1_113' title='bbox 389 1088 403 1136; x_wconf 77' lang='grc' dir='ltr'><strong>ὲ</strong></span> <span class='ocrx_word' id='word_1_114' title='bbox 414 1087 513 1137; x_wconf 73' lang='lat' dir='ltr'><strong>libertis</strong></span> <span class='ocrx_word' id='word_1_115' title='bbox 525 1088 696 1137; x_wconf 73' lang='lat' dir='ltr'><strong>Onomastum</strong></span> <span class='ocrx_word' id='word_1_116' title='bbox 706 1086 793 1141; x_wconf 78' lang='lat' dir='ltr'><strong>luturo</strong></span> <span class='ocrx_word' id='word_1_117' title='bbox 808 1087 896 1155; x_wconf 79' lang='lat' dir='ltr'><strong>aceleri</strong></span> <span class='ocrx_word' id='word_1_118' title='bbox 911 1090 1035 1155; x_wconf 72' lang='lat' dir='ltr'><strong>praefecit,</strong></span> 
     </span>
     <span class='ocr_line' id='line_1_16' title="bbox 88 1160 1035 1226; baseline 0.003 -17"><span class='ocrx_word' id='word_1_119' title='bbox 88 1202 92 1209; x_wconf 82' lang='grc'>.</span> <span class='ocrx_word' id='word_1_120' title='bbox 127 1161 204 1226; x_wconf 79' lang='lat' dir='ltr'><strong>laquo</strong></span> <span class='ocrx_word' id='word_1_121' title='bbox 219 1160 339 1209; x_wconf 85' lang='lat' dir='ltr'><strong>llarbinm</strong></span> <span class='ocrx_word' id='word_1_122' title='bbox 354 1162 505 1221; x_wconf 88' lang='lat' dir='ltr'><strong>Proculum,</strong></span> <span class='ocrx_word' id='word_1_123' title='bbox 518 1160 681 1209; x_wconf 75' lang='lat' dir='ltr'><strong>tesserarium</strong></span> <span class='ocrx_word' id='word_1_124' title='bbox 699 1161 900 1225; x_wconf 73' lang='lat' dir='ltr'><strong>speculatorum,</strong></span> <span class='ocrx_word' id='word_1_125' title='bbox 913 1176 946 1215; x_wconf 73' lang='lat' dir='ltr'><strong>et,</strong></span> <span class='ocrx_word' id='word_1_126' title='bbox 962 1166 1035 1212; x_wconf 87' lang='lat' dir='ltr'><strong>Vetu·</strong></span> 
     </span>
     <span class='ocr_line' id='line_1_17' title="bbox 127 1234 1034 1299; baseline 0.001 -15"><span class='ocrx_word' id='word_1_127' title='bbox 127 1235 209 1294; x_wconf 90' lang='lat' dir='ltr'><strong>rium,</strong></span> <span class='ocrx_word' id='word_1_128' title='bbox 219 1235 349 1299; x_wconf 80' lang='lat' dir='ltr'><strong>optionem</strong></span> <span class='ocrx_word' id='word_1_129' title='bbox 358 1234 522 1296; x_wconf 87' lang='lat' dir='ltr'><strong>eorumdem,</strong></span> <span class='ocrx_word' id='word_1_130' title='bbox 533 1234 668 1299; x_wconf 83' lang='lat' dir='ltr'><strong>perductae</strong></span> <span class='ocrx_word' id='word_1_131' title='bbox 678 1268 684 1290; x_wconf 92' lang='lat'><strong>,</strong></span> <span class='ocrx_word' id='word_1_132' title='bbox 696 1244 828 1297; x_wconf 69' lang='lat' dir='ltr'><strong>postquam</strong></span> <span class='ocrx_word' id='word_1_133' title='bbox 840 1236 910 1283; x_wconf 79' lang='lat' dir='ltr'><strong>vario</strong></span> <span class='ocrx_word' id='word_1_134' title='bbox 919 1250 1034 1299; x_wconf 56' lang='lat' dir='ltr'><strong>§cunone</strong></span> 
     </span>
     <span class='ocr_line' id='line_1_18' title="bbox 128 1304 1033 1373; baseline 0.003 -18"><span class='ocrx_word' id='word_1_135' title='bbox 128 1306 249 1366; x_wconf 73' lang='lat' dir='ltr'><strong>callidos,</strong></span> <span class='ocrx_word' id='word_1_136' title='bbox 260 1307 417 1371; x_wconf 67' lang='lat' dir='ltr'><strong>audacesque</strong></span> <span class='ocrx_word' id='word_1_137' title='bbox 428 1309 562 1373; x_wconf 72' lang='lat' dir='ltr'><strong>cognorit,</strong></span> <span class='ocrx_word' id='word_1_138' title='bbox 577 1304 659 1373; x_wconf 86' lang='lat' dir='ltr'><strong>pretio</strong></span> <span class='ocrx_word' id='word_1_139' title='bbox 675 1317 701 1355; x_wconf 88' lang='lat' dir='ltr'><strong>et</strong></span> <span class='ocrx_word' id='word_1_140' title='bbox 714 1305 844 1371; x_wconf 73' lang='lat' dir='ltr'><strong>premialia</strong></span> <span class='ocrx_word' id='word_1_141' title='bbox 860 1320 968 1367; x_wconf 85' lang='lat' dir='ltr'><strong>onerat,</strong></span> <span class='ocrx_word' id='word_1_142' title='bbox 986 1310 1033 1358; x_wconf 79' lang='lat' dir='ltr'><strong>dall</strong></span> 
     </span>
     <span class='ocr_line' id='line_1_19' title="bbox 128 1378 1038 1449; baseline 0.002 -20"><span class='ocrx_word' id='word_1_143' title='bbox 128 1380 236 1448; x_wconf 80' lang='lat' dir='ltr'><strong>pecunial</strong></span> <span class='ocrx_word' id='word_1_144' title='bbox 245 1380 276 1429; x_wconf 89' lang='lat' dir='ltr'><strong>ad</strong></span> <span class='ocrx_word' id='word_1_145' title='bbox 285 1380 466 1447; x_wconf 82' lang='lat' dir='ltr'><strong>pertentandoa</strong></span> <span class='ocrx_word' id='word_1_146' title='bbox 476 1380 589 1445; x_wconf 89' lang='lat' dir='ltr'><strong>plurium</strong></span> <span class='ocrx_word' id='word_1_147' title='bbox 598 1383 704 1429; x_wconf 81' lang='lat' dir='ltr'><strong>animos.</strong></span> <span class='ocrx_word' id='word_1_148' title='bbox 715 1378 849 1444; x_wconf 75' lang='lat' dir='ltr'><strong>Snaccpdre</strong></span> <span class='ocrx_word' id='word_1_149' title='bbox 857 1380 912 1429; x_wconf 90' lang='lat' dir='ltr'><strong>duo</strong></span> <span class='ocrx_word' id='word_1_150' title='bbox 920 1386 1038 1449; x_wconf 72' lang='lat' dir='ltr'><strong>manipr·l</strong></span> 
     </span>
     <span class='ocr_line' id='line_1_20' title="bbox 127 1452 1032 1522; baseline -0.003 -15"><span class='ocrx_word' id='word_1_151' title='bbox 127 1458 195 1507; x_wconf 80' lang='lat' dir='ltr'><strong>larce</strong></span> <span class='ocrx_word' id='word_1_152' title='bbox 206 1458 340 1522; x_wconf 85' lang='lat' dir='ltr'><strong>imperium</strong></span> <span class='ocrx_word' id='word_1_153' title='bbox 352 1455 441 1519; x_wconf 91' lang='lat' dir='ltr'><strong>populi</strong></span> <span class='ocrx_word' id='word_1_154' title='bbox 451 1455 563 1502; x_wconf 85' lang='lat' dir='ltr'><strong>Romani</strong></span> <span class='ocrx_word' id='word_1_155' title='bbox 575 1452 793 1513; x_wconf 75' lang='lat' dir='ltr'><strong>trainlerendum,</strong></span> <span class='ocrx_word' id='word_1_156' title='bbox 805 1465 830 1501; x_wconf 88' lang='lat' dir='ltr'><strong>ct</strong></span> <span class='ocrx_word' id='word_1_157' title='bbox 842 1456 1032 1505; x_wconf 75' lang='lat' dir='ltr'><strong>transtulerunt.</strong></span> 
     </span>
     <span class='ocr_line' id='line_1_21' title="bbox 128 1524 1034 1590; baseline 0 -13"><span class='ocrx_word' id='word_1_158' title='bbox 128 1527 160 1578; x_wconf 89' lang='lat' dir='ltr'><strong>lu</strong></span> <span class='ocrx_word' id='word_1_159' title='bbox 169 1529 350 1579; x_wconf 73' lang='lat' dir='ltr'><strong>conscientiam</strong></span> <span class='ocrx_word' id='word_1_160' title='bbox 360 1524 478 1575; x_wconf 86' lang='lat' dir='ltr'><strong>lacirioris</strong></span> <span class='ocrx_word' id='word_1_161' title='bbox 486 1528 560 1590; x_wconf 88' lang='lat' dir='ltr'><strong>pauci</strong></span> <span class='ocrx_word' id='word_1_162' title='bbox 568 1526 674 1583; x_wconf 75' lang='lat' dir='ltr'><strong>adsciti,</strong></span> <span class='ocrx_word' id='word_1_163' title='bbox 685 1540 820 1589; x_wconf 83' lang='grc' dir='ltr'><strong>ιιιιριιιιιι</strong></span> <span class='ocrx_word' id='word_1_164' title='bbox 828 1536 977 1577; x_wconf 85' lang='lat' dir='ltr'><strong>ceterorum</strong></span> <span class='ocrx_word' id='word_1_165' title='bbox 988 1530 1034 1577; x_wconf 87' lang='lat' dir='ltr'><strong>ani·</strong></span> 
     </span>
     <span class='ocr_line' id='line_1_22' title="bbox 129 1599 1033 1665; baseline 0 -13"><span class='ocrx_word' id='word_1_166' title='bbox 129 1620 186 1652; x_wconf 85' lang='lat' dir='ltr'><strong>moa</strong></span> <span class='ocrx_word' id='word_1_167' title='bbox 195 1602 302 1651; x_wconf 77' lang='lat' dir='ltr'><strong>divertis</strong></span> <span class='ocrx_word' id='word_1_168' title='bbox 313 1602 410 1649; x_wconf 71' lang='lat' dir='ltr'><strong>artibus</strong></span> <span class='ocrx_word' id='word_1_169' title='bbox 421 1599 555 1648; x_wconf 81' lang='lat' dir='ltr'><strong>etimnlant</strong></span> <span class='ocrx_word' id='word_1_170' title='bbox 566 1616 572 1646; x_wconf 87' lang='lat'>:</span> <span class='ocrx_word' id='word_1_171' title='bbox 584 1600 709 1663; x_wconf 75' lang='lat' dir='ltr'><strong>primores</strong></span> <span class='ocrx_word' id='word_1_172' title='bbox 721 1599 844 1659; x_wconf 81' lang='lat' dir='ltr'><strong>militum,</strong></span> <span class='ocrx_word' id='word_1_173' title='bbox 860 1616 925 1665; x_wconf 79' lang='lat' dir='ltr'><strong>«per</strong></span> <span class='ocrx_word' id='word_1_174' title='bbox 936 1602 1033 1653; x_wconf 83' lang='lat' dir='ltr'><strong>henefi-</strong></span> 
     </span>
     <span class='ocr_line' id='line_1_23' title="bbox 61 1671 1033 1740; baseline -0.002 -16"><span class='ocrx_word' id='word_1_175' title='bbox 61 1721 66 1739; x_wconf 65' lang='grc'><strong>,</strong></span> <span class='ocrx_word' id='word_1_176' title='bbox 128 1679 167 1724; x_wconf 88' lang='lat' dir='ltr'><strong>cia</strong></span> <span class='ocrx_word' id='word_1_177' title='bbox 176 1672 330 1740; x_wconf 79' lang='lat' dir='ltr'><strong>Nymphidii</strong></span> <span class='ocrx_word' id='word_1_178' title='bbox 342 1682 371 1719; x_wconf 85' lang='lat' dir='ltr'><strong>ut</strong></span> <span class='ocrx_word' id='word_1_179' title='bbox 379 1680 547 1735; x_wconf 76' lang='lat' dir='ltr'><strong>enapectoen·</strong></span> <span class='ocrx_word' id='word_1_180' title='bbox 557 1672 648 1733; x_wconf 66' lang='lat' dir='ltr'><strong>vulgus</strong></span> <span class='ocrx_word' id='word_1_181' title='bbox 660 1680 686 1717; x_wconf 84' lang='lat' dir='ltr'><strong>ct</strong></span> <span class='ocrx_word' id='word_1_182' title='bbox 698 1678 809 1727; x_wconf 80' lang='lat' dir='ltr'><strong>ceteros,</strong></span> <span class='ocrx_word' id='word_1_183' title='bbox 826 1671 863 1719; x_wconf 65' lang='grc' dir='ltr'><strong>ιιι</strong></span> <span class='ocrx_word' id='word_1_184' title='bbox 879 1684 905 1721; x_wconf 86' lang='lat' dir='ltr'><strong>ct</strong></span> <span class='ocrx_word' id='word_1_185' title='bbox 916 1672 1033 1739; x_wconf 85' lang='lat' dir='ltr'><strong>despera·</strong></span> 
     </span>
     <span class='ocr_line' id='line_1_24' title="bbox 129 1741 1033 1805; baseline -0.002 -7"><span class='ocrx_word' id='word_1_186' title='bbox 129 1750 201 1799; x_wconf 85' lang='lat' dir='ltr'><strong>tione</strong></span> <span class='ocrx_word' id='word_1_187' title='bbox 217 1746 309 1796; x_wconf 83' lang='lat' dir='ltr'><strong>adilati</strong></span> <span class='ocrx_word' id='word_1_188' title='bbox 321 1744 415 1791; x_wconf 83' lang='lat' dir='ltr'><strong>totiena</strong></span> <span class='ocrx_word' id='word_1_189' title='bbox 431 1741 587 1789; x_wconf 78' lang='lat' dir='ltr'><strong>donatiric:</strong></span> <span class='ocrx_word' id='word_1_190' title='bbox 603 1752 675 1789; x_wconf 88' lang='lat' dir='ltr'><strong>erant</strong></span> <span class='ocrx_word' id='word_1_191' title='bbox 691 1754 754 1803; x_wconf 79' lang='lat' dir='ltr'><strong>quoa</strong></span> <span class='ocrx_word' id='word_1_192' title='bbox 773 1746 909 1793; x_wconf 85' lang='lat' dir='ltr'><strong>memoria</strong></span> <span class='ocrx_word' id='word_1_193' title='bbox 914 1746 1033 1805; x_wconf 80' lang='lat' dir='ltr'><strong>Neronia</strong></span> 
     </span>
     <span class='ocr_line' id='line_1_25' title="bbox 130 1812 1034 1901; baseline -0.007 -28"><span class='ocrx_word' id='word_1_194' title='bbox 130 1840 160 1873; x_wconf 88' lang='lat' dir='ltr'><strong>ac</strong></span> <span class='ocrx_word' id='word_1_195' title='bbox 177 1819 332 1871; x_wconf 76' lang='lat' dir='ltr'><strong>desiderium</strong></span> <span class='ocrx_word' id='word_1_196' title='bbox 344 1817 437 1881; x_wconf 79' lang='lat' dir='ltr'><strong>prioris</strong></span> <span class='ocrx_word' id='word_1_197' title='bbox 454 1816 561 1864; x_wconf 68' lang='lat' dir='ltr'><strong>licentia</strong></span> <span class='ocrx_word' id='word_1_198' title='bbox 580 1812 770 1866; x_wconf 57' lang='lat' dir='ltr'><strong>accenderet*</strong></span> <span class='ocrx_word' id='word_1_199' title='bbox 764 1832 789 1863; x_wconf 89' lang='grc' dir='ltr'><strong>ιιι</strong></span> <span class='ocrx_word' id='word_1_200' title='bbox 802 1832 941 1901; x_wconf 83' lang='lat' dir='ltr'><strong>commune</strong></span> <span class='ocrx_word' id='word_1_201' title='bbox 953 1836 1034 1869; x_wconf 81' lang='lat' dir='ltr'><strong>omno</strong></span> 
     </span>
     <span class='ocr_line' id='line_1_26' title="bbox 126 1888 661 1948; baseline -0.011 -5"><span class='ocrx_word' id='word_1_202' title='bbox 126 1908 199 1948; x_wconf 82' lang='lat' dir='ltr'><strong>metu</strong></span> <span class='ocrx_word' id='word_1_203' title='bbox 210 1890 336 1941; x_wconf 73' lang='lat' dir='ltr'><strong>mutandae</strong></span> <span class='ocrx_word' id='word_1_204' title='bbox 349 1889 447 1937; x_wconf 80' lang='lat' dir='ltr'><strong>mititte</strong></span> <span class='ocrx_word' id='word_1_205' title='bbox 457 1888 661 1937; x_wconf 82' lang='lat' dir='ltr'><strong>exterrebantnr</strong></span> 
     </span>
    </p>

    <p class='ocr_par' dir='ltr' id='par_1_5' title="bbox 99 1959 1038 2981">
     <span class='ocr_line' id='line_1_27' title="bbox 163 1959 1035 2035; baseline 0.001 -25"><span class='ocrx_word' id='word_1_206' title='bbox 163 1960 403 2025; x_wconf 67' lang='lat' dir='ltr'><strong>xxv1.1ptecicea</strong></span> <span class='ocrx_word' id='word_1_207' title='bbox 415 1960 484 2009; x_wconf 80' lang='lat' dir='ltr'><strong>tabes</strong></span> <span class='ocrx_word' id='word_1_208' title='bbox 491 1959 622 2024; x_wconf 77' lang='lat' dir='ltr'><strong>legionum</strong></span> <span class='ocrx_word' id='word_1_209' title='bbox 632 1978 747 2035; x_wconf 79' lang='lat' dir='ltr'><strong>quoquc,</strong></span> <span class='ocrx_word' id='word_1_210' title='bbox 759 1973 784 2012; x_wconf 87' lang='lat' dir='ltr'><strong>et</strong></span> <span class='ocrx_word' id='word_1_211' title='bbox 793 1963 949 2015; x_wconf 84' lang='lat' dir='ltr'><strong>auxiliorum</strong></span> <span class='ocrx_word' id='word_1_212' title='bbox 962 1976 1035 2015; x_wconf 79' lang='lat' dir='ltr'><strong>motat</strong></span> 
     </span>
     <span class='ocr_line' id='line_1_28' title="bbox 129 2033 1034 2102; baseline -0.002 -17"><span class='ocrx_word' id='word_1_213' title='bbox 129 2037 184 2102; x_wconf 83' lang='lat' dir='ltr'><strong>jani</strong></span> <span class='ocrx_word' id='word_1_214' title='bbox 192 2047 306 2094; x_wconf 74' lang='lat' dir='ltr'><strong>mentes,</strong></span> <span class='ocrx_word' id='word_1_215' title='bbox 320 2046 454 2099; x_wconf 85' lang='lat' dir='ltr'><strong>poetquarn</strong></span> <span class='ocrx_word' id='word_1_216' title='bbox 468 2033 599 2097; x_wconf 78' lang='lat' dir='ltr'><strong>vulgatum</strong></span> <span class='ocrx_word' id='word_1_217' title='bbox 614 2048 666 2085; x_wconf 83' lang='lat' dir='ltr'><strong>erat</strong></span> <span class='ocrx_word' id='word_1_218' title='bbox 686 2037 789 2089; x_wconf 74' lang='lat' dir='ltr'><strong>«labare</strong></span> <span class='ocrx_word' id='word_1_219' title='bbox 805 2036 954 2087; x_wconf 83' lang='lat' dir='ltr'><strong>Germanici</strong></span> <span class='ocrx_word' id='word_1_220' title='bbox 965 2053 1034 2085; x_wconf 75' lang='lat' dir='ltr'><strong>exer-</strong></span> 
     </span>
     <span class='ocr_line' id='line_1_29' title="bbox 130 2105 1038 2177; baseline -0.004 -17"><span class='ocrx_word' id='word_1_221' title='bbox 130 2108 196 2161; x_wconf 78' lang='lat' dir='ltr'><strong>cititc</strong></span> <span class='ocrx_word' id='word_1_222' title='bbox 210 2108 316 2159; x_wconf 80' lang='lat' dir='ltr'><strong>iidemu.</strong></span> <span class='ocrx_word' id='word_1_223' title='bbox 329 2105 451 2170; x_wconf 80' lang='lat' dir='ltr'><strong>Adebqnc</strong></span> <span class='ocrx_word' id='word_1_224' title='bbox 468 2117 556 2173; x_wconf 89' lang='lat' dir='ltr'><strong>parata</strong></span> <span class='ocrx_word' id='word_1_225' title='bbox 570 2106 638 2173; x_wconf 86' lang='lat' dir='ltr'><strong>apud</strong></span> <span class='ocrx_word' id='word_1_226' title='bbox 657 2111 736 2159; x_wconf 77' lang='lat' dir='ltr'><strong>malos</strong></span> <span class='ocrx_word' id='word_1_227' title='bbox 748 2108 854 2166; x_wconf 79' lang='lat' dir='ltr'><strong>ecditio,</strong></span> <span class='ocrx_word' id='word_1_228' title='bbox 876 2111 957 2164; x_wconf 85' lang='lat' dir='ltr'><strong>etiam</strong></span> <span class='ocrx_word' id='word_1_229' title='bbox 976 2108 1038 2177; x_wconf 85' lang='lat' dir='ltr'><strong>apud</strong></span> 
     </span>
     <span class='ocr_line' id='line_1_30' title="bbox 130 2178 1038 2251; baseline -0.001 -18"><span class='ocrx_word' id='word_1_230' title='bbox 130 2186 246 2251; x_wconf 74' lang='lat' dir='ltr'><strong>integros</strong></span> <span class='ocrx_word' id='word_1_231' title='bbox 260 2180 428 2231; x_wconf 84' lang='lat' dir='ltr'><strong>diaaitnulatio</strong></span> <span class='ocrx_word' id='word_1_232' title='bbox 439 2178 503 2239; x_wconf 82' lang='lat' dir='ltr'><strong>luit,</strong></span> <span class='ocrx_word' id='word_1_233' title='bbox 517 2191 547 2229; x_wconf 90' lang='lat' dir='ltr'><strong>ut</strong></span> <span class='ocrx_word' id='word_1_234' title='bbox 563 2194 682 2246; x_wconf 75' lang='lat' dir='ltr'><strong>postero</strong></span> <span class='ocrx_word' id='word_1_235' title='bbox 680 2183 776 2233; x_wconf 89' lang='lat' dir='ltr'><strong>Iduum</strong></span> <span class='ocrx_word' id='word_1_236' title='bbox 792 2180 1038 2241; x_wconf 75' lang='lat' dir='ltr'><strong>die,1·&#39;edeunterna</strong></span> 
     </span>
     <span class='ocr_line' id='line_1_31' title="bbox 132 2251 1033 2319; baseline -0.01 -11"><span class='ocrx_word' id='word_1_237' title='bbox 132 2276 201 2308; x_wconf 81' lang='lat' dir='ltr'><strong>coena</strong></span> <span class='ocrx_word' id='word_1_238' title='bbox 219 2255 347 2305; x_wconf 89' lang='lat' dir='ltr'><strong>Othonem</strong></span> <span class='ocrx_word' id='word_1_239' title='bbox 361 2253 459 2319; x_wconf 87' lang='lat' dir='ltr'><strong>rapturi</strong></span> <span class='ocrx_word' id='word_1_240' title='bbox 477 2251 587 2318; x_wconf 85' lang='lat' dir='ltr'><strong>luerint,</strong></span> <span class='ocrx_word' id='word_1_241' title='bbox 601 2254 628 2301; x_wconf 89' lang='lat' dir='ltr'><strong>ni</strong></span> <span class='ocrx_word' id='word_1_242' title='bbox 645 2256 740 2303; x_wconf 86' lang='lat' dir='ltr'><strong>incerta</strong></span> <span class='ocrx_word' id='word_1_243' title='bbox 751 2255 851 2310; x_wconf 82' lang='lat' dir='ltr'><strong>nortia,</strong></span> <span class='ocrx_word' id='word_1_244' title='bbox 868 2264 896 2303; x_wconf 87' lang='lat' dir='ltr'><strong>et</strong></span> <span class='ocrx_word' id='word_1_245' title='bbox 907 2256 965 2303; x_wconf 74' lang='lat' dir='ltr'><strong>totd</strong></span> <span class='ocrx_word' id='word_1_246' title='bbox 980 2253 1033 2302; x_wconf 87' lang='lat' dir='ltr'><strong>urbe</strong></span> 
     </span>
     <span class='ocr_line' id='line_1_32' title="bbox 132 2325 1033 2417; baseline -0.006 -39"><span class='ocrx_word' id='word_1_247' title='bbox 132 2347 216 2417; x_wconf 74' lang='lat' dir='ltr'><strong>sparsa</strong></span> <span class='ocrx_word' id='word_1_248' title='bbox 231 2328 343 2380; x_wconf 88' lang='lat' dir='ltr'><strong>militnm</strong></span> <span class='ocrx_word' id='word_1_249' title='bbox 357 2336 454 2389; x_wconf 81' lang='lat' dir='ltr'><strong>caetra,</strong></span> <span class='ocrx_word' id='word_1_250' title='bbox 465 2342 512 2375; x_wconf 83' lang='lat' dir='ltr'><strong>nec</strong></span> <span class='ocrx_word' id='word_1_251' title='bbox 523 2325 643 2376; x_wconf 73' lang='lat' dir='ltr'><strong>recitem·</strong></span> <span class='ocrx_word' id='word_1_252' title='bbox 637 2339 703 2380; x_wconf 88' lang='lat' dir='ltr'><strong>mter</strong></span> <span class='ocrx_word' id='word_1_253' title='bbox 712 2327 865 2378; x_wconf 73' lang='lat' dir='ltr'><strong>temulentos</strong></span> <span class='ocrx_word' id='word_1_254' title='bbox 875 2341 1033 2381; x_wconf 77' lang='lat' dir='ltr'><strong>concentum,</strong></span> 
     </span>
     <span class='ocr_line' id='line_1_33' title="bbox 131 2398 1032 2467; baseline -0.008 -13"><span class='ocrx_word' id='word_1_255' title='bbox 131 2405 292 2454; x_wconf 83' lang='lat' dir='ltr'><strong>timulatent.</strong></span> <span class='ocrx_word' id='word_1_256' title='bbox 304 2417 357 2452; x_wconf 85' lang='lat' dir='ltr'><strong>non</strong></span> <span class='ocrx_word' id='word_1_257' title='bbox 368 2401 513 2467; x_wconf 63' lang='lat' dir='ltr'><strong>reipublice</strong></span> <span class='ocrx_word' id='word_1_258' title='bbox 522 2398 595 2461; x_wconf 86' lang='lat' dir='ltr'><strong>cura,</strong></span> <span class='ocrx_word' id='word_1_259' title='bbox 607 2416 682 2465; x_wconf 87' lang='lat' dir='ltr'><strong>quam</strong></span> <span class='ocrx_word' id='word_1_260' title='bbox 694 2399 787 2449; x_wconf 77' lang='lat' dir='ltr'><strong>foedare</strong></span> <span class='ocrx_word' id='word_1_261' title='bbox 797 2399 920 2464; x_wconf 86' lang='lat' dir='ltr'><strong>principie</strong></span> <span class='ocrx_word' id='word_1_262' title='bbox 933 2401 976 2447; x_wconf 84' lang='lat' dir='ltr'><strong>eui</strong></span> <span class='ocrx_word' id='word_1_263' title='bbox 985 2417 1032 2447; x_wconf 80' lang='lat' dir='ltr'><strong>nan·</strong></span> 
     </span>
     <span class='ocr_line' id='line_1_34' title="bbox 99 2470 1032 2546; baseline -0.01 -18"><span class='ocrx_word' id='word_1_264' title='bbox 99 2493 104 2501; x_wconf 93' lang='grc'><em>’</em></span> <span class='ocrx_word' id='word_1_265' title='bbox 132 2482 206 2546; x_wconf 77' lang='lat' dir='ltr'><strong>guina</strong></span> <span class='ocrx_word' id='word_1_266' title='bbox 215 2478 293 2526; x_wconf 83' lang='lat' dir='ltr'><strong>sobrii</strong></span> <span class='ocrx_word' id='word_1_267' title='bbox 302 2475 438 2542; x_wconf 84' lang='lat' dir='ltr'><strong>parabant,</strong></span> <span class='ocrx_word' id='word_1_268' title='bbox 450 2474 494 2523; x_wconf 82' lang='lat' dir='ltr'><strong>aed</strong></span> <span class='ocrx_word' id='word_1_269' title='bbox 504 2492 536 2522; x_wconf 87' lang='lat' dir='ltr'><strong>ne</strong></span> <span class='ocrx_word' id='word_1_270' title='bbox 544 2490 588 2538; x_wconf 86' lang='lat' dir='ltr'><strong>por</strong></span> <span class='ocrx_word' id='word_1_271' title='bbox 596 2476 726 2534; x_wconf 77' lang='lat' dir='ltr'><strong>tenebrae,</strong></span> <span class='ocrx_word' id='word_1_272' title='bbox 738 2484 766 2521; x_wconf 90' lang='lat' dir='ltr'><strong>ut</strong></span> <span class='ocrx_word' id='word_1_273' title='bbox 776 2472 883 2535; x_wconf 82' lang='lat' dir='ltr'><strong>quiaque</strong></span> <span class='ocrx_word' id='word_1_274' title='bbox 891 2470 1032 2527; x_wconf 81' lang='lat' dir='ltr'><strong>Pannonici,</strong></span> 
     </span>
     <span class='ocr_line' id='line_1_35' title="bbox 131 2544 1032 2611; baseline -0.011 -10"><span class='ocrx_word' id='word_1_275' title='bbox 131 2552 173 2601; x_wconf 81' lang='lat' dir='ltr'><strong>rel</strong></span> <span class='ocrx_word' id='word_1_276' title='bbox 185 2548 329 2599; x_wconf 85' lang='lat' dir='ltr'><strong>Germanici</strong></span> <span class='ocrx_word' id='word_1_277' title='bbox 339 2545 464 2598; x_wconf 73' lang='lat' dir='ltr'><strong>exer-etim</strong></span> <span class='ocrx_word' id='word_1_278' title='bbox 472 2547 597 2595; x_wconf 70' lang='lat' dir='ltr'><strong>militibus</strong></span> <span class='ocrx_word' id='word_1_279' title='bbox 605 2548 705 2596; x_wconf 83' lang='lat' dir='ltr'><strong>oblatus</strong></span> <span class='ocrx_word' id='word_1_280' title='bbox 714 2557 779 2596; x_wconf 80' lang='lat' dir='ltr'><strong>estet</strong></span> <span class='ocrx_word' id='word_1_281' title='bbox 785 2544 980 2609; x_wconf 77' lang='lat' dir='ltr'><strong>,ignorantibus</strong></span> <span class='ocrx_word' id='word_1_282' title='bbox 988 2546 1032 2611; x_wconf 86' lang='lat' dir='ltr'><strong>ple·</strong></span> 
     </span>
     <span class='ocr_line' id='line_1_36' title="bbox 132 2616 1032 2690; baseline -0.01 -16"><span class='ocrx_word' id='word_1_283' title='bbox 132 2627 229 2690; x_wconf 73' lang='lat' dir='ltr'><strong>risque,</strong></span> <span class='ocrx_word' id='word_1_284' title='bbox 240 2640 287 2689; x_wconf 90' lang='lat' dir='ltr'><strong>pro</strong></span> <span class='ocrx_word' id='word_1_285' title='bbox 296 2622 399 2670; x_wconf 86' lang='lat' dir='ltr'><strong>Othone</strong></span> <span class='ocrx_word' id='word_1_286' title='bbox 410 2620 588 2669; x_wconf 38' lang='lat' dir='ltr'><strong>deatiuarffetur</strong></span> <span class='ocrx_word' id='word_1_287' title='bbox 600 2620 683 2669; x_wconf 85' lang='lat' dir='ltr'><strong>Multa</strong></span> <span class='ocrx_word' id='word_1_288' title='bbox 693 2630 848 2683; x_wconf 81' lang='lat' dir='ltr'><strong>erumpentia</strong></span> <span class='ocrx_word' id='word_1_289' title='bbox 853 2616 1032 2667; x_wconf 68' lang='lat' dir='ltr'><strong>seditionum</strong></span> 
     </span>
     <span class='ocr_line' id='line_1_37' title="bbox 133 2691 1033 2762; baseline -0.009 -15"><span class='ocrx_word' id='word_1_290' title='bbox 133 2698 200 2747; x_wconf 86' lang='lat' dir='ltr'><strong>dicia</strong></span> <span class='ocrx_word' id='word_1_291' title='bbox 211 2711 258 2762; x_wconf 89' lang='lat' dir='ltr'><strong>pcr</strong></span> <span class='ocrx_word' id='word_1_292' title='bbox 268 2694 383 2744; x_wconf 74' lang='lat' dir='ltr'><strong>conscio·</strong></span> <span class='ocrx_word' id='word_1_293' title='bbox 394 2708 513 2757; x_wconf 76' lang='lat' dir='ltr'><strong>oppreaea</strong></span> <span class='ocrx_word' id='word_1_294' title='bbox 524 2710 531 2740; x_wconf 89' lang='lat'>:</span> <span class='ocrx_word' id='word_1_295' title='bbox 544 2692 657 2756; x_wconf 78' lang='lat' dir='ltr'><strong>quadam</strong></span> <span class='ocrx_word' id='word_1_296' title='bbox 673 2692 739 2759; x_wconf 85' lang='lat' dir='ltr'><strong>apud</strong></span> <span class='ocrx_word' id='word_1_297' title='bbox 753 2691 837 2741; x_wconf 77' lang='lat' dir='ltr'><strong>Galbae</strong></span> <span class='ocrx_word' id='word_1_298' title='bbox 851 2706 926 2739; x_wconf 84' lang='lat' dir='ltr'><strong>aurea</strong></span> <span class='ocrx_word' id='word_1_299' title='bbox 936 2692 1033 2755; x_wconf 84' lang='lat' dir='ltr'><strong>praelec·</strong></span> 
     </span>
     <span class='ocr_line' id='line_1_38' title="bbox 134 2764 1033 2831; baseline -0.009 -11"><span class='ocrx_word' id='word_1_300' title='bbox 134 2782 176 2820; x_wconf 80' lang='lat' dir='ltr'><strong>tus</strong></span> <span class='ocrx_word' id='word_1_301' title='bbox 199 2771 266 2818; x_wconf 88' lang='lat' dir='ltr'><strong>Laco</strong></span> <span class='ocrx_word' id='word_1_302' title='bbox 289 2768 381 2824; x_wconf 71' lang='lat' dir='ltr'><strong>elusit,</strong></span> <span class='ocrx_word' id='word_1_303' title='bbox 404 2767 503 2831; x_wconf 72' lang='lat' dir='ltr'><strong>ignarus</strong></span> <span class='ocrx_word' id='word_1_304' title='bbox 526 2766 676 2815; x_wconf 86' lang='lat' dir='ltr'><strong>militarium</strong></span> <span class='ocrx_word' id='word_1_305' title='bbox 692 2766 854 2819; x_wconf 85' lang='lat' dir='ltr'><strong>animorum,</strong></span> <span class='ocrx_word' id='word_1_306' title='bbox 873 2764 1033 2829; x_wconf 83' lang='lat' dir='ltr'><strong>consiliique,</strong></span> 
     </span>
     <span class='ocr_line' id='line_1_39' title="bbox 134 2836 1033 2907; baseline -0.004 -18"><span class='ocrx_word' id='word_1_307' title='bbox 134 2843 248 2907; x_wconf 85' lang='lat' dir='ltr'><strong>qnamria</strong></span> <span class='ocrx_word' id='word_1_308' title='bbox 263 2840 371 2907; x_wconf 74' lang='lat' dir='ltr'><strong>egregii,</strong></span> <span class='ocrx_word' id='word_1_309' title='bbox 383 2839 452 2905; x_wconf 86' lang='lat' dir='ltr'><strong>qnod</strong></span> <span class='ocrx_word' id='word_1_310' title='bbox 463 2855 513 2889; x_wconf 89' lang='lat' dir='ltr'><strong>non</strong></span> <span class='ocrx_word' id='word_1_311' title='bbox 530 2840 583 2905; x_wconf 78' lang='lat' dir='ltr'><strong>lpae</strong></span> <span class='ocrx_word' id='word_1_312' title='bbox 598 2838 714 2900; x_wconf 83' lang='lat' dir='ltr'><strong>allerrct,</strong></span> <span class='ocrx_word' id='word_1_313' title='bbox 736 2838 867 2899; x_wconf 72' lang='lat' dir='ltr'><strong>iuimicus,</strong></span> <span class='ocrx_word' id='word_1_314' title='bbox 879 2848 904 2885; x_wconf 91' lang='lat' dir='ltr'><strong>et</strong></span> <span class='ocrx_word' id='word_1_315' title='bbox 919 2836 1033 2889; x_wconf 68' lang='lat' dir='ltr'><strong>adversis</strong></span> 
     </span>
     <span class='ocr_line' id='line_1_40' title="bbox 133 2915 366 2981; baseline -0.013 -18"><span class='ocrx_word' id='word_1_316' title='bbox 133 2915 229 2981; x_wconf 81' lang='lat' dir='ltr'><strong>peritos</strong></span> <span class='ocrx_word' id='word_1_317' title='bbox 238 2915 366 2978; x_wconf 72' lang='lat' dir='ltr'><strong>pervicax.</strong></span> 
     </span>
    </p>

    <p class='ocr_par' dir='ltr' id='par_1_6' title="bbox 136 2985 1031 3284">
     <span class='ocr_line' id='line_1_41' title="bbox 167 2985 1031 3054; baseline -0.003 -17"><span class='ocrx_word' id='word_1_318' title='bbox 167 2986 279 3038; x_wconf 84' lang='lat' dir='ltr'><strong>XXVll.</strong></span> <span class='ocrx_word' id='word_1_319' title='bbox 297 2986 394 3035; x_wconf 83' lang='lat' dir='ltr'><strong>Octavo</strong></span> <span class='ocrx_word' id='word_1_320' title='bbox 412 2985 511 3034; x_wconf 89' lang='lat' dir='ltr'><strong>de&#39;cimo</strong></span> <span class='ocrx_word' id='word_1_321' title='bbox 522 2986 633 3037; x_wconf 83' lang='lat' dir='ltr'><strong>Kalend.</strong></span> <span class='ocrx_word' id='word_1_322' title='bbox 651 2986 743 3048; x_wconf 59' lang='lat' dir='ltr'><strong>Febr„</strong></span> <span class='ocrx_word' id='word_1_323' title='bbox 761 2987 910 3039; x_wconf 82' lang='lat' dir='ltr'><strong>aacriticanti</strong></span> <span class='ocrx_word' id='word_1_324' title='bbox 921 3004 972 3054; x_wconf 87' lang='lat' dir='ltr'><strong>pro</strong></span> <span class='ocrx_word' id='word_1_325' title='bbox 994 2986 1031 3035; x_wconf 76' lang='lat' dir='ltr'><strong>rede</strong></span> 
     </span>
     <span class='ocr_line' id='line_1_42' title="bbox 136 3058 1029 3129; baseline 0.001 -21"><span class='ocrx_word' id='word_1_326' title='bbox 136 3063 262 3129; x_wconf 75' lang='lat' dir='ltr'><strong>Apollinis</strong></span> <span class='ocrx_word' id='word_1_327' title='bbox 276 3060 377 3116; x_wconf 85' lang='lat' dir='ltr'><strong>Galbae,</strong></span> <span class='ocrx_word' id='word_1_328' title='bbox 392 3058 517 3123; x_wconf 75' lang='lat' dir='ltr'><strong>haruspex</strong></span> <span class='ocrx_word' id='word_1_329' title='bbox 535 3058 681 3120; x_wconf 77' lang='lat' dir='ltr'><strong>Umbricius</strong></span> <span class='ocrx_word' id='word_1_330' title='bbox 700 3062 802 3111; x_wconf 75' lang='lat' dir='ltr'><strong>«tristia</strong></span> <span class='ocrx_word' id='word_1_331' title='bbox 816 3072 887 3117; x_wconf 80' lang='lat' dir='ltr'><strong>exta,</strong></span> <span class='ocrx_word' id='word_1_332' title='bbox 901 3072 928 3119; x_wconf 84' lang='lat' dir='ltr'><strong>et</strong></span> <span class='ocrx_word' id='word_1_333' title='bbox 943 3062 1029 3110; x_wconf 85' lang='lat' dir='ltr'><strong>instan-</strong></span> 
     </span>
     <span class='ocr_line' id='line_1_43' title="bbox 136 3133 1029 3201; baseline -0.01 -12"><span class='ocrx_word' id='word_1_334' title='bbox 136 3152 175 3189; x_wconf 80' lang='grc' dir='ltr'><strong>ιιι</strong></span> <span class='ocrx_word' id='word_1_335' title='bbox 185 3137 298 3195; x_wconf 80' lang='lat' dir='ltr'><strong>incidias,</strong></span> <span class='ocrx_word' id='word_1_336' title='bbox 313 3152 341 3184; x_wconf 90' lang='lat' dir='ltr'><strong>ac</strong></span> <span class='ocrx_word' id='word_1_337' title='bbox 353 3134 521 3183; x_wconf 85' lang='lat' dir='ltr'><strong>domesticum</strong></span> <span class='ocrx_word' id='word_1_338' title='bbox 530 3133 652 3185; x_wconf 82' lang='lat' dir='ltr'><strong>hottemn</strong></span> <span class='ocrx_word' id='word_1_339' title='bbox 665 3136 792 3201; x_wconf 78' lang='lat' dir='ltr'><strong>praedicit.</strong></span> <span class='ocrx_word' id='word_1_340' title='bbox 806 3136 926 3185; x_wconf 86' lang='lat' dir='ltr'><strong>audiente</strong></span> <span class='ocrx_word' id='word_1_341' title='bbox 938 3137 1029 3184; x_wconf 82' lang='lat' dir='ltr'><strong>Othone</strong></span> 
     </span>
     <span class='ocr_line' id='line_1_44' title="bbox 137 3208 1028 3294; baseline -0.002 -36"><span class='ocrx_word' id='word_1_342' title='bbox 137 3218 209 3294; x_wconf 76' lang='lat' dir='ltr'><strong>(nam</strong></span> <span class='ocrx_word' id='word_1_343' title='bbox 223 3212 352 3277; x_wconf 70' lang='lat' dir='ltr'><strong>proximu·</strong></span> <span class='ocrx_word' id='word_1_344' title='bbox 368 3208 532 3277; x_wconf 80' lang='lat' dir='ltr'><strong>adstiterat).</strong></span> <span class='ocrx_word' id='word_1_345' title='bbox 545 3210 635 3275; x_wconf 86' lang='lat' dir='ltr'><strong>idque,</strong></span> <span class='ocrx_word' id='word_1_346' title='bbox 647 3208 1028 3274; x_wconf 76' lang='lat' dir='ltr'><strong>utlaetnmbconttario,etsrit</strong></span> 
     </span>
    </p>
   </div>
   <div class='ocr_carea' id='block_1_3' title="bbox 135 3282 1038 3365">
    <p class='ocr_par' dir='ltr' id='par_1_7' title="bbox 135 3282 1038 3365">
     <span class='ocr_line' id='line_1_45' title="bbox 135 3282 1038 3365; baseline 0.006 -32"><span class='ocrx_word' id='word_1_347' title='bbox 135 3284 501 3365; x_wconf 64' lang='lat' dir='ltr'><strong>cogitationibuaproapcrum,</strong></span> <span class='ocrx_word' id='word_1_348' title='bbox 513 3286 702 3365; x_wconf 74' lang='lat' dir='ltr'><strong>interpretante</strong></span> <span class='ocrx_word' id='word_1_349' title='bbox 696 3282 1038 3363; x_wconf 64' lang='lat' dir='ltr'><strong>Nccmultbpbttliberttl‘</strong></span> 
     </span>
    </p>
   </div>
   <div class='ocr_carea' id='block_1_4' title="bbox 0 0 1054 3709">
    <p class='ocr_par' dir='ltr' id='par_1_8' title="bbox 0 0 1054 3709">
     <span class='ocr_line' id='line_1_46' title="bbox 0 0 1054 3709; baseline 0 0"><span class='ocrx_word' id='word_1_350' title='bbox 0 0 1054 3709; x_wconf 95' lang='lat' dir='ltr'><strong> </strong></span> 
     </span>
    </p>
   </div>
  </div>
 </body>
</html>
