2100 3709
308 103 540 143 nrsrontannu
568 97 630 144 irs.
658 113 705 147 ιν.
749 140 751 146 .
908 99 974 155 [ηδ’

48 183 165 239 eerficit.
175 178 294 226 Autotiius
301 185 401 228 Primus
409 187 442 228 ad
449 189 629 242 Vespasianum
637 189 807 245 proficiscitur.
821 191 847 237 V
845 197 953 252 cepasio·

52 258 113 287 nus
120 244 247 304 quemdam
257 248 343 299 oculis,-
351 254 375 290 et
384 249 461 291 alium
470 262 542 292 mauu
552 253 756 306 captumsuuitati
764 257 877 298 restituit.
892 256 955 300 Cou-

38 306 181 361 firmotur
191 309 272 351 omine
282 307 363 352 obtato
371 310 398 352 'ia
409 309 459 353 oede
473 308 595 367 Serapidis
608 324 615 352 .·
630 312 696 364 citius
705 313 745 356 dei
750 317 824 372 ‘origo
834 324 857 359 et
867 331 957 364 uoutea

53 365 114 408 hac
125 369 252 413 occasione
261 371 397 424 exponitur.
407 371 553 415 Valentinus
565 371 719 415 Treverorum
728 373 778 416 dus
785 379 891 431 partitur.
904 381 942 422 Do
947 401 960 430 -,

55 429 187 471 mitiauus
200 428 321 474 Cerialem
330 439 415 486 tentat,
427 433 515 476 ausilii
532 436 666 478 exercitum
677 437 852 497 imperiumque
862 441 955 486 tradere

52 489 135 533 velit.
149 488 222 534 Gesta
230 492 322 547 partim
329 490 498 542 adiacentem
509 507 573 539 auito
580 529 586 551 ,
594 497 686 552 partim
874 499 878 502 ’

225 630 290 700 Imp.
304 637 399 684 Caesare
413 636 569 701 Vespasiano
581 635 648 702 Aug.
665 635 698 689 lt.
844 637 855 682 Ι

227 705 259 756 Τ.
269 711 359 760 Flauio
369 713 519 777 Vespasiani
528 712 596 778 Aug.
606 712 636 764 F.
649 714 743 762 casare
753 715 920 782 Vespasiano.

80 683 158 737 Coss·

21 904 53 953 1.
81 874 299 954 Insinuare
311 898 432 956 Vitellio,
449 898 547 947 bellum
564 898 643 962 magis
663 897 782 961 desierat,
801 899 877 968 quiim
893 921 942 974 P³r

23 988 163 1043 coeperat.
171 975 270 1024 Armati
278 989 322 1038 per
330 973 419 1021 urbem
430 973 552 1032 victores,
566 972 721 1038 implacabili
729 975 789 1024 edio
799 979 878 1031 victos
889 995 952 1034 eon„

24 1050 215 1100 sectabantur:
225 1048 305 1114 plenae
314 1044 423 1092 cudibus
431 1045 489 1100 vite,
501 1057 606 1094 cruenta
617 1045 669 1094 fora
686 1051 842 1114 templaque,
857 1053 953 1118 passim

23 1124 182 1187 trucidatis,
191 1133 220 1170 ut
227 1133 352 1185 quemque
362 1117 413 1166 fors
422 1118 602 1181 obtulerat.Ac
613 1135 672 1168 mox
681 1138 830 1187 augescente
841 1128 952 1188 licentii,

26 1197 150 1247 scrutari
159 1234 169 1260 ‚
181 1210 210 1243 ao
221 1191 367 1259 protrahere
378 1188 478 1238 abditos
490 1206 496 1238 t
508 1191 530 1238 si
542 1205 619 1253 quem
633 1209 767 1256 procerum
777 1187 863 1248 babitu
874 1212 901 1252 et
910 1201 954 1263 jn-

30 1270 119 1331 vental
131 1276 330 1336 conspexerant,
342 1266 507 1322 obtruncare,
520 1261 593 1311 nullo
604 1265 730 1328 militum,
743 1280 786 1316 atu
798 1275 887 1338 populi
900 1274 959 1330 dis„

25 1348 159 1394 crimine.
171 1345 233 1408 Qua
243 1338 344 1398 sevitia,
356 1337 500 1386 recentibus
513 1335 589 1396 odiis,
598 1338 718 1403 sanguine
726 1343 884 1406 explebatur,
896 1345 956 1394 dein

25 1429 154 1469 uerterat
165 1418 191 1467 in
204 1412 337 1464 avaritiam
352 1429 357 1458 :
371 1411 556 1476 nihilusquam
568 1423 693 1460 secretum
706 1425 750 1460 aut
763 1415 877 1466 clausum
889 1419 958 1467 sine·

28 1494 103 1543 bant
110 1530 118 1553 ,
132 1488 309 1543 uVitellianos
321 1483 466 1535 occultaris
479 1484 638 1534 simulantes.
650 1483 759 1542 Initium
770 1487 794 1536 id
804 1489 959 1555 perfringen·
1005 1503 1011 1507 “

30 1567 133 1618 darum
147 1564 289 1627 domuums
306 1559 388 1618 wlsi
404 1559 585 1622 sationum,
600 1573 673 1610 caiisa
691 1561 764 1613 caedis
782 1559 853 1612 :'nec
868 1563 957 1614 deerat

31 1640 224 1707 egentissimus
236 1639 348 1704 quisque
361 1654 392 1688 cx
405 1634 480 1705 plebe
494 1653 500 1687 ι
512 1645 539 1686 et
552 1637 655 1702 pessimi
673 1635 837 1688 servitiorum
849 1637 957 1705 prodero

32 1717 110 1768 ultro
125 1714 191 1764 ditet
207 1713 326 1762 dominos
338 1730 345 1760 s
356 1712 399 1762 alii
416 1711 447 1760 ab
465 1711 554 1762 amicis
569 1712 786 1764 monstrabantur.
800 1713 900 1779 Ubique
914 1713 957 1762 la-

32 1802 145 1849 menta,
160 1787 390 1844 conclamationes,
402 1797 429 1834 et
441 1784 544 1836 fortuna
558 1795 635 1853 captae
651 1787 723 1836 urbis
738 1803 744 1836 t
757 1785 822 1837 adeo
834 1799 863 1838 ut
873 1785 958 1837 Otho-

31 1866 110 1914 niani
120 1861 304 1925 Vitellianique
317 1860 407 1909 militis
418 1854 546 1908 invidiosa
558 1871 631 1908 antea
644 1857 785 1926 petulantia
797 1856 957 1914 desiderare·

29 1953 92 1990 tur.
107 1937 189 1986 Duces
204 1938 331 2001 partium,
344 1935 506 1984 accendendo
521 1931 590 1985 civili
604 1935 673 1997 bello
685 1953 754 1986 acres
765 1975 773 2004 ‚
784 1935 956 2006 temperanda

32 2013 151 2062 victoria
166 2009 291 2072 impares:
305 2008 400 2070 quippe
409 2009 434 2053 in
450 2009 539 2054 turbas
549 2019 574 2054 et
587 2006 726 2058 discordias
737 2012 848 2075 pessimo
865 2012 963 2077 cuique

32 2088 148 2152 plurima
161 2085 199 2131 vis
214 2098 220 2128 z
233 2097 283 2145 pax
292 2091 319 2127 et
328 2082 398 2143 quies
410 2079 485 2126 bonis
493 2079 591 2126 artibus
602 2079 725 2144 indigent.

71 2159 106 2207 IL
120 2158 221 2206 Nomen
237 2153 372 2216 sedemque
385 2154 488 2202 Castris
496 2151 661 2219 Domitianus
675 2167 806 2219 acceperat
818 2175 824 2222 3
838 2157 954 2208 nondum

34 2232 72 2281 ad
85 2249 158 2280 curas
174 2231 301 2287 intentus,
317 2227 362 2276 sed
378 2230 472 2291 stupris
483 2237 510 2275 et
521 2225 652 2276 adulteriis
664 2227 743 2276 filium
758 2232 880 2297 principis
894 2247 956 2298 age-

34 2307 96 2354 bat.
113 2303 266 2354 Praeiecttrra
277 2303 388 2367 pretorii
404 2317 482 2368 penes
492 2299 596 2350 Arnum
608 2301 705 2350 Varum
722 2320 728 2350 ε
746 2297 845 2354 summa
862 2317 957 2370 poten-

36 2381 81 2427 tiae
94 2379 120 2427 in
138 2373 356 2426 Primomntonio
377 2392 383 2422 z
405 2377 427 2425 is
445 2376 580 2441 pecuniam
597 2374 781 2441 familiamque,
801 2377 813 2424 is
835 2380 957 2444 principis

38 2452 120 2500 domo
128 2489 136 2512 ,
155 2452 226 2516 quusi
245 2452 441 2500 Cremonensem
457 2449 580 2515 pradum,
594 2465 699 2515 rupere:
718 2451 797 2498 ceteri
814 2443 954 2511 rr'rodestisl,

36 2528 82 2574 vel
99 2527 273 2591 ignobilitate,
293 2525 365 2574 utin
384 2523 454 2572 bello
470 2523 587 2580 obscuri,
606 2523 639 2572 ita
657 2525 817 2590 premiorum
832 2539 956 2590 supertes.

39 2598 139 2647 Civitas
153 2597 244 2668 pavida
251 2633 260 2656 ,
268 2608 294 2645 et
309 2597 528 2661 corrumperem,
543 2613 558 2644 u
569 2598 688 2664 occupari
699 2597 849 2647 redeuutem
858 2599 955 2648 Tarra-

20 2733 27 2738 *
40 2672 98 2722 cini
108 2671 338 2722 nvitetttnmcum
345 2671 503 2730 cohortibus,
513 2665 689 2738 exstinguique
696 2672 891 2736 reliquabelli»,
898 2689 955 2739 pos·

40 2744 148 2795 tulabat.
160 2745 287 2795 Promisti
297 2746 409 2795 Ariciam
423 2746 521 2808 equites
533 2763 539 2794 ε
552 2762 642 2810 agmen
653 2746 780 2811 legionum
793 2746 856 2795 lutri
867 2747 956 2794 Bovil·
1010 2782 1014 2788 i

39 2822 80 2870 las
91 2819 170 2875 stetit.
183 2819 235 2868 Nec
249 2830 381 2867 cunctatus
393 2829 432 2866 est
445 2818 578 2876 Vitellius,
592 2835 668 2884 seque
684 2831 710 2868 et
719 2818 963 2887 colrortesttrbltrio¹

41 2893 146 2944 victoris
158 2893 316 2958 permittere.
331 2893 364 2940 Et
380 2892 454 2940 miles
473 2890 583 2941 infelicia
604 2909 686 2952 arma,
708 2891 776 2944 baud
798 2893 883 2950 minsis
902 2891 953 2951 iri,

43 2967 119 3034 quim
131 2979 200 3015 metu
212 2966 312 3031 abjecit.
323 2967 427 3031 Longus
438 2965 584 3014 deditorum
598 2966 677 3028 ordo,
688 2957 887 3034 septns'armatis
895 3005 900 3022 ,
908 2982 954 3031 per

43 3042 134 3091 urbem
142 3041 260 3090 incessit:
271 3056 348 3089 nemo
358 3041 466 3106 supplici
474 3041 547 3089 vultu
557 3076 565 3102 ,
577 3041 620 3090 sed
632 3045 716 3092 tristes
728 3055 753 3091 et
764 3054 860 3097 truces,
873 3051 898 3087 et
906 3037 954 3085 ad·

43 3141 142 3177 versum
152 3125 254 3190 plausus
267 3140 297 3172 ac
306 3125 436 3172 lasciviam
446 3125 591 3174 insultantis
604 3125 674 3190 vulgi
686 3124 844 3172 immobiles:
859 3136 954 3186 paucos

42 3207 173 3264 erumpere
184 3215 272 3257 ausos,
285 3197 441 3261 circumjecti
451 3199 563 3262 pressere
579 3217 585 3246 :
604 3199 681 3246 ceteri
694 3196 873 3246 incustoditum
887 3210 957 3242 oona

42 3272 417 3338 diti.Nihilquisquamloputus
424 3266 608 3337 indignum3et,
616 3288 759 3336 quanquam
766 3269 953 3327 interadversa,

45 3349 111 3402 salva
119 3347 221 3401 uirtutis
232 3345 308 3402 lama.
316 3345 419 3398 DeinL.
426 3344 719 3408 Vitelliusinterfieitur,
729 3361 774 3412 par
783 3343 955 3468 rigiislratris,
