2100 3709
103 79 172 131 trt-
425 92 450 131 e.
467 93 564 132 eoru.
582 91 695 132 rtem

105 195 164 238 ces,
178 177 276 241 alisque
288 175 362 226 solita
375 175 477 242 regibus
488 179 560 240 susi,
575 177 781 244 superstitionem
799 173 928 228 forebant
945 177 1017 243 :quis

103 253 187 303 bonor
195 250 327 300 sacerdotii
338 286 345 308 ‚
358 250 546 302 firmamentum
557 253 675 318 potentio
684 250 868 301 assumebatur.

100 334 117 391 g
134 325 365 376 lX.-Romanorum
378 326 472 389 primus
490 327 537 374 Cn.
557 325 692 390 Pompeius
704 323 803 380 ludens
814 321 940 380 domuit:
954 335 1016 372 ten·

102 400 224 468 piumque
234 396 289 463 jure
301 398 412 446 victorin
425 400 552 464 ingressus
563 410 610 451 est·
623 396 686 447 Inde
704 397 848 462 vulgatum,
869 414 885 444 tt
895 398 969 446 nulli
982 398 1015 445 in·

108 486 151 524 tus
161 471 235 521 deum
251 471 330 536 effigie
340 488 445 522 vacuum
454 472 554 533 sedem,
567 485 593 522 et
601 471 684 523 inanis
700 485 788 522 urceus
797 486 822 520 u.
839 469 914 520 Muri
922 469 1014 520 Hiero·

106 549 261 614 solymorum
272 543 362 605 diruti,
371 545 504 601 delubrum
512 549 616 598 mansit.
626 549 701 608 Mor,
712 544 782 594 civili
794 545 861 595 inter
872 560 924 594 nos
935 543 1014 601 bello,

57 664 59 669 .
104 634 239 691 postquem
250 619 277 667 in
288 618 411 668 ditionem
423 618 461 670 M.
472 621 579 672 Antonii
588 622 724 692 provincie
736 629 881 685 cesserant;
894 633 945 667 rex
957 619 1012 666 Par-

103 693 206 746 tborum
218 693 328 742 Pacorus
338 691 351 742 l
354 692 422 742 udaet
429 696 528 762 potitus
537 732 544 755 ,
559 695 755 760 interiectusque
765 693 779 742 t
789 694 820 742 Ρ.
832 689 965 744 Ventidio
975 727 981 748 ,
991 701 1015 739 et

101 766 190 819 Parthi
201 779 271 818 trans
288 766 433 834 Euphraten
444 771 555 822 redacti:
568 771 668 826 tudens
681 770 712 820 0.
728 768 814 818 Sosius
835 766 952 831 subegit.
966 763 1011 812 Re·

78 851 181 908 ⁸gnum
199 842 230 890 sb
249 840 363 892 Antonio
377 845 475 894 Herodi
488 845 595 908 datum,
613 845 694 893 victos
712 841 842 902 Augustus
855 841 940 889 suxit.
959 839 1012 886 Post
1034 847 1035 852 ’

103 930 212 969 mortem
223 916 350 978 Herodis,
360 918 579 988 nibilexspecteto
591 923 704 984 Cerere,
716 919 783 968 Simo
794 915 903 982 quidam
915 913 1011 979 regium

105 1006 200 1041 nomen
211 992 378 1042 inmeritis
389 991 403 1042 i
415 995 560 1058 Quinctilio
568 995 653 1056 Varo,
664 995 795 1044 obtinente
804 989 907 1058 Syriam
918 1024 926 1048 ‚
940 987 1012 1053 puni-

103 1077 146 1116 tus
156 1082 162 1114 ε
173 1076 199 1114 et
210 1076 311 1130 gentem
323 1068 457 1115 coercitsm
463 1068 538 1119 liberi
547 1069 655 1122 Herodis
665 1065 791 1134 tripertiti
800 1065 901 1114 rexere.
911 1062 967 1112 Sub
976 1061 1012 1109 Ti·

103 1139 176 1190 betio
187 1141 274 1204 quies:
287 1138 345 1188 dein
357 1139 420 1202 iussi
430 1140 445 1190 i
455 1143 484 1191 0.
494 1143 592 1194 Cerere
604 1143 734 1210 «effigiem
748 1138 801 1207 ejus
812 1141 840 1188 in
858 1137 963 1204 templo
977 1137 1012 1183 lo·
1034 1129 1035 1170 i

80 1230 86 1242 ·
103 1228 160 1262 cere
169 1230 200 1271 u,
219 1229 288 1262 srms
302 1213 388 1280 potiris
404 1217 532 1284 sumpsere
547 1236 554 1268 ε
568 1235 643 1283 quem
656 1229 755 1266 motum
768 1213 872 1264 cesaris
886 1227 962 1260 mors
975 1209 1012 1258 di-

103 1289 189 1337 remit.
208 1285 345 1348 Clsudius,
362 1277 487 1339 delirnotis
502 1291 616 1358 regibus,
634 1301 678 1340 sut
694 1289 725 1339 ad
741 1286 871 1338 modicum
886 1283 1012 1356 redactis,

104 1361 216 1414 Judaesm
230 1361 389 1427 provintiam
402 1365 528 1428 equitibus
539 1367 679 1426 Romanis,
691 1374 736 1413 sut
744 1361 842 1412 libertis
854 1358 976 1426 permisit
986 1355 1012 1405 :e

106 1435 198 1501 quibus
206 1434 334 1488 Antonius
345 1436 433 1496 Felix,
445 1453 491 1503 per
507 1455 610 1490 omnem
628 1437 751 1489 saevitiam
769 1451 797 1484 no
810 1433 966 1492 libidinem,
977 1430 1012 1493 ittt

107 1510 205 1574 regium
216 1511 301 1558 servili
318 1511 419 1575 ingenio
435 1511 560 1569 exercuit,
580 1510 706 1573 Drusittt,
718 1509 858 1577 Cleopatrae
873 1517 899 1556 et
910 1503 1016 1559 Antonii
1034 1547 1035 1554 ,

105 1594 182 1648 nepte
192 1619 202 1641 ,
216 1583 242 1632 in
251 1584 444 1634 matrimonium
454 1583 557 1651 accepti
567 1601 574 1632 ε
585 1595 614 1633 ut
623 1582 736 1652 ejusdem
749 1581 856 1642 Antonii
868 1579 945 1630 Felix
957 1594 1013 1645 pro·
1034 1605 1035 1608 =

101 1673 192 1726 gener,
204 1656 326 1706 Claudius
335 1671 415 1723 nepos
422 1669 498 1708 esset.

136 1732 170 1780 X.
183 1730 291 1780 Dursrit
300 1743 385 1780 temen
396 1730 615 1799 patientisiudaeis
625 1767 632 1790 ,
643 1744 720 1794 usque
734 1728 767 1776 sd
778 1725 894 1778 Gessium
903 1723 1014 1776 Florum

105 1817 306 1872 procuratorem.
316 1805 368 1854 Sub
380 1823 412 1856 eo
420 1802 518 1855 bellurn
532 1818 615 1856 ortum
625 1823 632 1867 3
645 1816 670 1852 et
680 1803 849 1870 comprimere
861 1809 1014 1868 coeptantem

108 1879 223 1929 Cestium
233 1879 336 1927 Gallum
344 1915 351 1936 ,
360 1879 435 1944 Syrie
442 1879 569 1944 legatum,
580 1881 649 1930 varis
660 1878 757 1942 prelis,
768 1894 797 1927 se
806 1875 897 1943 sepitis
907 1873 1014 1922 sdversa

107 1951 236 2014 excepere.
248 1953 299 2013 Qui
309 1952 353 1997 ubi
363 1952 429 2013 lato,
445 1962 488 1998 aut
500 1949 576 2000 taedio
590 1949 685 2000 occidit
696 1968 703 2016 3
716 1951 795 2014 missu
807 1949 920 2000 Neronis
931 1985 939 2010 ,
952 1948 1014 1998 Ves-

103 2022 222 2088 pasianus
232 2021 332 2071 fortuni
344 2021 459 2087 semique
471 2059 478 2080 ‚
494 2036 521 2072 et
532 2024 640 2090 egregiis
656 2025 792 2090 ministris,
812 2024 878 2072 intra
890 2022 957 2072 duas
974 2037 1014 2070 res-

105 2109 170 2147 tstes
180 2132 188 2160 ‚
199 2108 290 2146 euncts
301 2114 457 2165 camporum,
466 2115 604 2163 omnesque
611 2135 619 2162 ,
627 2111 717 2168 preter
727 2091 915 2164 Hierosolyms',
925 2097 1013 2151 urbes,

106 2171 203 2219 victore
219 2172 331 2219 exercitu
346 2170 455 2221 tenebat.
468 2171 603 2238 Proximus
619 2191 698 2222 annus
710 2173 778 2222 cirili
796 2173 864 2221 bello
883 2170 1013 2228 intentus,
1033 2185 1034 2220 l

107 2255 230 2308 quintum
240 2243 393 2306 adludeos,
404 2261 449 2311 per
459 2248 540 2296 otium
557 2247 665 2297 usnsiit.
680 2249 744 2296 Pace
756 2263 801 2313 per
811 2246 911 2294 Italiam
923 2243 1014 2310 perti,

106 2327 132 2366 et
143 2328 251 2366 externo
268 2334 332 2366 curte
342 2318 447 2368 rediere.
458 2321 574 2386 Augebat
593 2323 654 2380 ires,
670 2321 738 2386 qubd
749 2321 796 2370 soli
805 2318 886 2369 Judaei
898 2336 952 2368 uon
964 2333 1014 2366 cet-

105 2390 203 2440 sisseut.
213 2391 294 2439 simut
303 2394 404 2441 manere
414 2393 481 2459 apud
493 2397 617 2444 exercitus
625 2395 727 2452 Titum,
741 2393 772 2443 sd
785 2409 873 2442 ornnes
884 2393 1014 2459 principe·

37 2503 45 2516 .
106 2463 148 2513 rus
160 2465 221 2513 novi
242 2476 347 2514 eventus
363 2481 467 2516 casusve
478 2469 566 2517 utilius
584 2467 726 2518 videbatur.
750 2469 830 2532 Igitur
849 2469 957 2522 cestris,
978 2466 1012 2514 uti

106 2539 232 2601 diximus,
244 2553 302 2591 aute
313 2545 405 2592 moenis
416 2541 653 2610 Hierosolymorum
667 2545 770 2610 positis,
786 2543 923 2592 instructas
934 2540 1014 2605 legio·
1033 2545 1034 2562 ¹

102 2615 305 2666 nes‘ostentevit.
650 2677 652 2680 Ι

138 2688 185 2736 Xl.
206 2688 286 2740 Judaei
302 2688 349 2738 sub
368 2690 435 2755 ipsos
449 2708 536 2742 muros
550 2689 665 2743 struxere
683 2691 780 2747 eciem,
799 2689 876 2737 rebus
897 2685 1015 2736 secundis
1033 2695 1034 2700 ’

104 2763 204 2827 longisls
215 2764 316 2823 ausuri,
328 2773 353 2810 et
370 2766 390 2813 si
404 2765 572 2832 pellerentur,
584 2775 673 2832 parato
683 2764 806 2830 perfugio.
823 2763 918 2812 Missus
930 2761 958 2809 in
972 2776 1011 2808 eos
1033 2805 1034 2856 l

103 2851 179 2899 eques
190 2851 248 2883 eum
263 2835 388 2902 expeditis
402 2837 566 2900 cohortibus,
581 2839 697 2905 ambigue
712 2837 896 2890 restauretur
915 2834 1011 2884 cessere
1033 2861 1034 2910 l

104 2907 208 2967 bortes,
221 2919 246 2956 et
255 2910 418 2977 effluentibus
430 2910 519 2962 diebus
528 2913 613 2962 crebra
624 2929 670 2979 pru
681 2912 760 2978 portis
774 2911 860 2978 praelis
874 2909 1010 2973 serebun25

63 2990 66 2996 '
105 2983 186 3034 donec
198 2981 304 3030 assiduis
313 2981 411 3032 damnis
421 3021 428 3045 ,
440 2986 505 3034 intro
519 2987 609 3036 moenin
621 2985 786 3050 pellerentur.
799 2983 909 3032 Romani
923 2979 957 3030 ad
969 2997 1013 3046 op-

103 3053 266 3124 pugnandum
284 3055 352 3104 versi
365 3073 371 3106 :
384 3073 465 3120 neque
481 3061 551 3109 enirn
562 3059 666 3124 dignum
680 3057 812 3107 ridebatur
820 3093 828 3118 ,
845 3057 939 3106 ismem
955 3055 1012 3103 bos-

102 3132 168 3181 tium
185 3129 310 3196 opperiri:
324 3129 510 3197 poscebantque
519 3134 631 3200 periculo
642 3145 715 3199 ,pers
730 3135 840 3191 virtute,
857 3132 934 3180 multi
944 3131 1012 3180 leto·
1033 3181 1034 3186 ,

100 3203 155 3265 cii,
166 3215 190 3252 et
199 3202 318 3268 cupidine
329 3206 498 3269 premiorum.
511 3207 563 3273 lpsi
574 3207 632 3255 Tito
643 3208 739 3266 Rome,
757 3216 784 3254 et
797 3221 857 3271 opes
868 3239 875 3263 ,
887 3205 1008 3270 volupta·
1033 3237 1034 3259 .

100 3288 189 3341 totque
201 3289 259 3326 rute
274 3278 372 3342 oculos3
387 3295 418 3329 ac
428 3281 456 3329 ni
466 3281 552 3330 stetini
567 3282 743 3348 Hierosolyma
762 3279 942 3338 conciderent,
952 3295 1011 3328 mo·

101 3348 155 3398 rsri
165 3349 328 3402 ridebantur.
337 3349 483 3404 Sedurbent
489 3388 498 3414 ,
507 3353 613 3411 srduem
623 3341 690 3417 situ,
703 3370 781 3422 opera
791 3353 921 3420 molesque
931 3353 1016 3403 firmo·
