2100 3709
107 86 158 153 294
348 138 352 141 ⁴
415 100 441 133 e.
464 89 559 135 erratu.
582 94 698 137 ructet

100 178 180 241 ,ismae
188 194 240 245 ,ιι
248 187 324 243 prout
333 175 414 243 prima
424 178 566 233 cessissent,
575 176 627 226 lore
636 178 752 226 universa
761 178 878 241 ,Monam
886 179 1023 236 insulam,

107 253 179 317 cujus
186 253 341 319 possessione
347 264 490 299 revocatum
497 252 639 301 Paullinum
646 252 782 301 rebellione
790 254 868 303 totius
878 253 1019 303 liritanniss

107 326 184 391 supra
194 324 340 382 memoravi,
350 324 461 389 redigere
473 327 498 373 Ιιιι
508 338 660 392 potestatem
672 325 758 373 animo
771 328 888 397 intendit.
902 326 973 389 Sed,
989 338 1018 373 ut

108 398 230 450 indubiis
241 399 362 454 consiliis,
370 414 445 447 uates
455 399 571 451 deerant:
584 402 648 447 ratio
659 412 683 447 et
691 403 831 449 constantia
844 400 918 449 ducis
931 411 1018 447 trans-

108 472 186 520 vexit.
201 471 325 537 Depositis
336 472 452 520 omnibus
463 474 581 532 sarcinis,
593 472 742 521 lectissimos
759 474 939 534 auxiliarium,
956 471 1019 537 qui-

109 543 159 591 bus
171 556 232 591 uota
248 542 324 600 vada,
335 555 360 591 et
371 546 467 609 patrius
480 546 558 595 naudi
571 562 644 605 usus,
659 562 709 609 quo
728 546 803 593 simul
816 562 893 609 seque
906 558 934 593 et
947 560 1019 593 arma

111 630 137 665 et
153 633 231 682 equos
244 630 349 683 regunt,
366 620 401 667 ita
412 620 536 705 repsptb'
531 623 634 669 immisit
644 632 707 685 ,ut,
726 621 894 685 obstupelacti
912 618 1018 675 hostes,

110 693 283 775 quiclassem,
295 694 338 757 qui
349 707 435 749 naves,
444 696 487 757 qui
496 711 566 743 mare
576 706 684 760 exspecta
678 694 765 754 ibant,
780 692 842 741 nilill
852 693 965 741 arduum
976 700 1020 739 aut

110 764 237 813 invictum
248 764 431 813 credideriut
413 782 449 814 ere
462 767 495 814 ad
506 768 602 817 bellum
614 766 782 815 venientibus.
797 767 835 813 lta
849 764 930 831 petiti
942 781 1020 847 pace,

112 852 142 883 ac
155 833 240 885 dedita
254 838 353 894 intuli,
371 838 455 887 clarus
465 857 495 888 ac
506 856 612 905 magnus
623 823 716 887 haberi
726 839 855 903 Agricola.
870 840 968 903 quippe
978 838 1019 883 cui

92 956 95 964 ,
112 907 265 972 ingredienti
273 926 446 974 prosrucram
455 912 526 975 quod
539 924 635 977 tempus
644 905 964 975 aluperosteutauouern
977 918 1020 954 aut

114 982 1020 1049 officiorumambitumtransigunt,laboretper·icultimplaeuisset,Nec

113 1050 245 1115 Agricola,
255 1058 428 1121 ¹prosperitate
441 1075 528 1105 rerum
545 1058 570 1105 in
588 1060 725 1105 vanitatem
738 1074 811 1116 usus,
828 1054 1021 1121 expeditionem

102 1138 159 1185 ,aut
172 1130 304 1179 victoriam
316 1131 437 1193 vocabat,
457 1130 536 1179 rictos
547 1133 700 1181 continuisse
714 1151 720 1180 ε
740 1150 770 1179 ne
783 1125 1021 1195 laureatisq'uidcm

114 1210 183 1264 gesta
196 1214 344 1265 prosecutus
355 1214 408 1251 est:
421 1203 465 1250 se'd
475 1202 528 1269 ipsa
539 1203 740 1253 dissimulatione
749 1204 817 1252 lamas
827 1204 923 1251 lamam
935 1205 1021 1259 auxit,

115 1270 309 1331 ¹estimantibus,
319 1274 412 1339 quauta
424 1276 502 1323 futuri
513 1292 558 1342 spe
571 1283 622 1326 tarn
635 1294 723 1344 magua
737 1278 863 1325 tacuisset.

146 1376 218 1425 XlX.
229 1375 348 1427 Ceterrim
357 1380 500 1429 animorum
509 1381 646 1447 provinciae
655 1378 779 1447 prudens,
790 1378 915 1443 simulque
930 1378 1022 1427 doctus

112 1464 160 1515 per
172 1451 253 1498 alicua
267 1452 457 1515 experimenta,
472 1470 563 1518 parurn
574 1454 662 1519 profici
679 1454 804 1512 armis,si
818 1452 913 1511 iniuriae
929 1466 1018 1515 seque·
1040 1514 1041 1521 ἵ

113 1535 217 1585 rentur,
235 1539 323 1571 causas
336 1525 462 1572 bellorum
482 1526 571 1574 statuit
589 1524 714 1575 excidere.
734 1522 796 1573 Ass
813 1525 915 1589 suisque
929 1540 1017 1583 orsus,

114 1596 222 1661 primam
237 1594 344 1643 domurn
360 1612 431 1643 suaru
444 1596 557 1642 coercuit
563 1595 653 1659 ‚quod
666 1596 789 1659 plerisque
805 1594 873 1643 haud
885 1595 971 1644 minius
981 1613 1021 1643 ar-

115 1666 195 1716 duum
205 1679 256 1730 est,
268 1666 344 1729 quim
353 1665 513 1745 provinciam
524 1680 622 1729 regere.
615 1664 658 1713 N
662 1664 704 1713 ilul
715 1682 759 1729 per
770 1666 875 1715 libertos
885 1684 1020 1731 servosque

110 1742 222 1807 publiea
230 1739 284 1786 rei:
295 1754 345 1785 uon
358 1734 448 1784 studiis
457 1736 572 1801 privatis,
583 1752 630 1785 nec
638 1752 668 1783 ex
677 1736 908 1799 commendatione,
914 1754 960 1790 aut
969 1758 1023 1807 pre-

113 1814 188 1863 cibus
197 1822 376 1862 centurionum
391 1808 484 1855 milites
495 1807 606 1863 adscire,
627 1805 671 1855 setl
682 1810 807 1892 optimum
817 1827 945 1875 quemque
956 1813 1020 1860 fide-

111 1888 238 1935 lissimum
251 1894 357 1947 putare:
370 1881 456 1927 omnia
470 1883 534 1929 scire
547 1899 616 1943 ,uon
632 1882 716 1933 ournia
728 1890 846 1949 exsequi.
862 1890 949 1952 pariis
959 1904 1020 1953 pec·

111 1959 176 2009 catis
185 1954 294 2013 reniam,
302 1955 401 2017 magnis
409 1942 568 2005 seueritatem
581 1956 757 2009 commodare·
768 1976 815 2009 nec
824 1960 897 2026 poeuri
908 1976 1018 2027 semper,

114 2027 158 2078 sed
171 2027 260 2091 saepius
277 2026 426 2091 poenitentii
445 2040 580 2078 contentus
595 2046 668 2079 esse:
685 2031 771 2079 officiis
782 2043 806 2079 st
819 2032 1019 2083 administratio·

112 2100 190 2149 nibus
205 2097 291 2164 potiits
304 2116 355 2147 non
372 2113 521 2165 peccaturos
540 2118 699 2169 preponere,
719 2102 794 2168 quim
806 2102 925 2151 damnare
940 2122 1017 2169 quum

112 2172 268 2239 peccdsseut.
279 2171 412 2221 Frumenti
424 2186 449 2222 et
458 2176 613 2225 tributorum
624 2177 767 2223 auctionem
778 2176 917 2238 equalitate
929 2194 1018 2225 misne-

110 2261 171 2297 rtrm
181 2246 297 2304 mollire,
312 2247 481 2310 circumcisis,
493 2264 547 2311 qua
561 2250 591 2295 iu
599 2259 714 2311 questum
728 2258 824 2311 reperta
831 2282 839 2305 ,
851 2248 905 2313 ipso
923 2250 1017 2296 tributo

115 2317 216 2383 gravius
233 2320 428 2369 tolerabantur:
444 2337 551 2384 namque
570 2336 614 2386 per
635 2319 775 2369 ludibrium
797 2320 906 2368 assidere
927 2322 1016 2369 clausis

116 2391 225 2453 lrorreis,
237 2404 262 2440 ct
271 2408 355 2442 eruere
365 2393 433 2443 ultrei
443 2394 582 2453 frumenta,
593 2411 622 2443 ac
635 2392 744 2443 rendere
754 2394 836 2459 pretio
847 2394 1000 2459 cogebantur
1010 2410 1015 2443 t

115 2466 231 2515 devortia
244 2467 364 2517 itinerum
377 2480 403 2517 et
417 2469 590 2535 longinquitas
604 2470 736 2534 regionum
749 2466 923 2529 indicebatur,
932 2470 965 2518 'ut
984 2470 1017 2517 ci·

114 2541 205 2587 vitares
217 2539 230 2587 a
247 2542 370 2605 proximis
382 2539 496 2591 bibernis
506 2542 534 2590 in
548 2555 647 2591 reuicta
661 2554 686 2591 et
698 2542 752 2591 avia
767 2540 905 2604 deferrent,
920 2543 1019 2602 donec,

108 2613 183 2678 ,quod
195 2614 315 2667 omnibus
325 2616 350 2663 in
363 2627 482 2680 promptu
497 2626 565 2674 erat,
577 2614 664 2679 paucis
676 2615 805 2663 lucrosum
817 2612 897 2668 lieret.

146 2718 208 2765 XX.
224 2716 281 2763 llaec
295 2716 376 2781 primo
390 2719 475 2766 statim
488 2735 555 2768 auno
567 2718 771 2785 comprimendo,
788 2720 913 2785 egregiam
926 2720 1016 2771 lamam

116 2806 172 2855 paci
166 2787 363 2855 circumdedit3
376 2806 429 2854 quae
438 2790 601 2852 selincuria,
615 2792 655 2839 iel
660 2790 797 2863 tolerantia
808 2794 936 2857 priorum,
952 2796 1015 2847 baud

114 2860 200 2912 minus
209 2879 284 2927 quam
298 2862 393 2911 bellum
407 2864 551 2915 timebatur.
562 2828 612 2912 Seil
621 2850 679 2912 ubi
678 2877 750 2915 restat
762 2864 877 2925 advenit,
887 2878 1016 2919 conuecto

84 2982 87 2984 Α
115 2935 243 2998 exercitu,
257 2934 385 2983 militurn
379 2952 405 2983 m
417 2937 516 3010 agmine
529 2934 632 2985 laudare
642 2936 806 2995 modestiam,
818 2936 935 3001 disjectos
947 2959 1013 2991 coer-

116 3026 171 3059 cere
183 3024 189 3055 τ
203 3006 259 3055 locs
268 3004 356 3054 castris
366 3006 420 3071 ipse
429 3024 531 3073 capere,
540 3007 654 3057 aestuaria
665 3010 782 3079 sepsilsas
791 3011 843 3075 ipse
854 3024 1012 3075 praetentare:

116 3095 142 3132 et
153 3081 216 3131 uilril
230 3080 331 3129 interim
340 3079 408 3145 apud
419 3080 503 3129 hostes
512 3082 628 3145 quietum
640 3083 710 3147 pati,
721 3084 856 3145 quominus
872 3085 964 3136 subitis
973 3104 1013 3136 ex·

117 3155 231 3203 cursibus
244 3152 426 3218 popularetur:
441 3165 516 3217 atque
531 3154 575 3203 ubi
587 3155 647 3204 satis
660 3166 799 3221 terruerat,
816 3158 945 3220 parcendo
961 3178 1013 3209 rur·

116 3242 159 3274 sus
175 3225 330 3274 irritamenta
349 3226 417 3290 pacis
438 3237 574 3276 ostentare.
594 3230 694 3292 Quibus
707 3230 781 3278 rebus
799 3229 885 3278 multa
904 3234 1013 3283 civitaten

113 3316 170 3367 qua
184 3302 212 3353 ἰιι
225 3300 299 3353 illum
309 3299 378 3354 diem
393 3317 425 3355 er
439 3318 509 3369 equo
518 3304 637 3371 egerant,
648 3302 713 3355 datis
731 3302 878 3368 obsidibus,
891 3306 953 3357 iram
970 3322 1014 3375 pc:
