2100 3709
98 61 149 114 568
390 30 440 109 νει.
461 68 555 106 coxa.
577 58 700 105 saorra

103 156 185 217 tellii,
198 152 317 205 victrices
327 172 334 203 :
345 164 371 203 et
380 153 449 221 apud
458 156 553 213 victos,
563 153 622 218 pius
634 149 869 217 querimoniarum,
885 150 988 216 quim
1003 150 1036 200 ri-

102 233 168 281 rium
182 248 188 277 z
203 230 297 278 fluxam
316 244 361 295 per
382 226 520 278 discordias
540 228 652 276 militum
667 226 759 285 fldem,
776 238 802 275 et
822 226 992 293 periculam
1009 240 1033 273 er

102 302 217 367 siugulis.
229 300 300 362 Quid
310 303 379 351 euim
388 300 535 369 profuturas
544 300 662 350 cohortes
670 301 772 365 alasque
781 336 788 358 ‚
796 300 817 347 si
826 313 899 349 rurus
913 301 1043 363 alterque*

102 377 219 442 prasenti
229 374 340 425 facinore
350 388 467 441 paratum
478 392 510 424 ex
520 374 623 425 diverso
637 376 770 441 praemium
783 372 876 440 petat?
893 374 951 421 Sic
970 372 1043 420 Scrir

104 453 245 501 leonianum
253 452 300 501 sub
315 450 421 499 Claudio
431 449 608 515 intersectum
624 452 659 499 sic
668 464 843 517 percussorem
857 448 941 513 ejus,
956 446 1035 495 Vola-

106 526 219 593 ginium,
234 524 248 573 e
261 525 374 589 gregario
389 524 422 572 ad
434 539 533 573 summa
545 525 644 573 mititte
655 534 816 592 provectum.
831 518 962 571 Facilius
980 519 1035 566 uni·

106 612 193 645 versos
204 598 314 662 impelli,
327 594 403 661 quim
415 598 528 662 singulm
541 598 625 647 vitari.

136 669 256 721 LXXVI.
272 672 321 720 His
332 669 469 736 pavoribus
480 683 631 733 nutantem,
645 682 670 719 et
683 668 726 717 alii
743 669 821 735 legati
833 668 980 731 amicique
993 665 1032 712 fir-

108 740 226 802 mabant,
239 756 265 793 ct
274 738 422 805 Mucianus,
433 757 491 811 post
500 746 596 795 multos
604 755 765 807 secretosque
778 758 916 791 sermones
927 776 935 801 ,
949 738 1005 803 jam
1014 748 1034 785 et

108 818 196 865 coriam
206 819 240 867 its
251 818 351 867 locutus
362 836 368 865 ε
381 835 396 866 «
407 818 503 869 Omnes
514 822 559 885 qui
571 812 720 885 magnarum
730 832 816 865 rerum
824 814 945 863 consilia
957 812 1034 859 susci·

108 892 197 958 pium,
210 890 332 939 estimare
351 890 445 942 debent
453 929 461 952 ,
478 910 509 941 au
530 891 598 957 quod
611 890 765 947 inchoatur,
782 886 941 953 reipublicae
957 884 1043 945 utiles

109 965 172 1028 ipsis
184 966 341 1029 gloriosum,
359 978 405 1014 aut
423 979 572 1033 promptum
586 965 693 1023 effectu,
709 975 752 1012 aut
763 961 830 1011 certi
845 978 904 1009 non
921 958 1043 1008 arduum,

109 1037 149 1083 sit.
162 1037 243 1086 Simul
254 1039 317 1105 ipse,
328 1041 372 1103 qui
383 1039 482 1092 suadet.
495 1039 694 1089 considerandus
705 1050 752 1095 est,
765 1036 906 1099 adjicistne
924 1032 1031 1083 consilio

110 1106 253 1169 periculum
269 1126 343 1158 suum
355 1130 362 1159 :
373 1123 413 1168 et,
430 1114 451 1159 si
467 1112 569 1161 fortuna
584 1114 673 1179 coaptis
692 1109 814 1168 atlluerit,
831 1109 875 1157 cui
894 1119 1029 1167 summum

111 1176 188 1228 decus
199 1180 360 1246 adquiratur.
377 1184 430 1249 Ego
443 1197 485 1251 te²
496 1186 668 1254 Vespasium,
681 1187 713 1237 ad
725 1184 858 1248 imperium
874 1184 969 1243 voco,
984 1192 1030 1227 tam

41 1296 49 1312 l
111 1252 368 1322 salutarereipublicar
377 1258 453 1322 quim
462 1258 510 1308 tibi
518 1254 773 1326 magnificum.luxta
782 1254 853 1315 deos,
860 1255 888 1302 in
897 1251 947 1301 tusi
955 1266 1027 1300 manu

111 1327 226 1391 positum
244 1341 292 1379 est.
310 1330 366 1381 Nec
386 1332 499 1397 speciem
519 1333 646 1381 adulantis
663 1332 810 1397 expaveris:
825 1328 839 1376 is
855 1324 1028 1380 contumelia,

112 1400 187 1464 quim
198 1400 213 1449 a
224 1402 299 1451 laude
311 1405 417 1471 propius
428 1404 522 1470 luerit,
536 1418 595 1471 post
604 1404 738 1453 Vitellium
751 1403 818 1466 eligi.
833 1399 892 1449 Non
905 1398 1027 1448 adversus

114 1474 168 1522 diri
177 1473 286 1541 Augusti
296 1480 445 1527 acerrimam
457 1468 585 1541 mentem,
599 1478 775 1535 necadversus
788 1474 971 1524 cautissimam
982 1474 1025 1521 Ti-

112 1547 178 1595 berii
194 1563 365 1608 senectutem,
378 1570 409 1600 nc
420 1565 508 1603 contra
521 1554 573 1600 Caii
588 1552 691 1617 quidem
701 1551 747 1603 'aut
759 1549 859 1599 Claudii
869 1585 877 1607 ,
887 1549 934 1599 rel
945 1549 1024 1598 Nero·

113 1623 153 1669 nis
163 1657 169 1675 ‚
179 1620 397 1688 lundatamlorsgo
414 1624 522 1686 imperio
533 1622 638 1674 domurn
649 1626 809 1689 exsurgimus
820 1642 826 1671 :
839 1622 940 1671 cessisti
953 1624 1025 1671 etism

111 1693 368 1760 ,Gatbetmugiuibus
379 1713 385 1741 :
398 1705 499 1759 torpere
510 1695 593 1753 ultra,
606 1709 632 1746 et
643 1694 808 1763 polluendam
820 1694 1025 1763 perdendamque

114 1768 299 1833 rempublicam
315 1768 474 1830 relinquere,
491 1784 569 1835 sopor
587 1782 613 1820 et
630 1768 730 1833 ignaria
748 1767 894 1831 rideretur,
910 1769 991 1819 etiam
1008 1768 1025 1817 si

114 1840 180 1903 tibi,
196 1839 273 1905 quim
292 1839 439 1901 inhonesta,
459 1852 511 1889 tam
534 1853 588 1890 tuta
608 1844 717 1892 servitus
736 1856 812 1893 esset.
833 1842 905 1893 Abiit
920 1842 987 1906 jam,
1003 1854 1022 1891 et

115 1924 288 1962 transvectum
300 1920 344 1963 eat
361 1922 478 1977 tempus,
495 1929 546 1978 quo
558 1930 646 1979 posses
659 1914 742 1964 videri
755 1917 921 1981 concupisse:
934 1916 1023 1976 conss·

115 1984 236 2049 piendum
246 1996 284 2035 eat
292 1985 325 2034 ad
335 1987 481 2050 imperium.
493 1988 535 2037 An
546 1990 640 2038 excidit
649 1988 789 2038 trucidatus
800 1986 935 2055 Corbulol
945 1991 1023 2055 splen·

116 2056 200 2123 didior
210 2058 324 2123 origiue,
336 2056 416 2123 quim
423 2076 471 2109 nos
481 2077 584 2122 sumus,
598 2061 677 2115 fateor
688 2081 694 2110 :
708 2062 753 2111 sed
763 2074 787 2111 et
798 2063 883 2119 Nero,
894 2063 1021 2111 nobilitata

116 2134 254 2193 natalium,
273 2133 408 2183 Vitellium
426 2136 549 2187 anteibat.
565 2138 632 2188 Satis
650 2138 733 2185 clarus
752 2148 791 2187 est
809 2136 878 2203 apud
895 2139 1022 2187 timentem

115 2206 231 2272 quisquis
247 2208 361 2261 timetur.
374 2209 408 2260 Et
421 2227 495 2275 posse
507 2212 538 2278 ab
550 2213 664 2261 exercitu
675 2212 818 2277 principem
829 2210 901 2274 fieri,
912 2211 962 2260 sibi
972 2210 1022 2277 ipse

117 2282 240 2330 Vitellius
263 2282 431 2342 documento,
456 2284 534 2331 nuliis
554 2283 705 2349 stipendiis,
727 2284 798 2333 uuili
819 2284 922 2333 militari
945 2284 1021 2346 iamai,

119 2352 206 2403 Galbae
226 2354 287 2403 odio
303 2365 450 2421 provectus.
468 2356 508 2405 Ne
527 2356 657 2405 Othonem
674 2356 780 2421 quidem
798 2357 871 2406 ducis
893 2370 960 2418 arte,
977 2362 1024 2407 'aut

118 2426 245 2477 exercitus
262 2428 305 2491 vi,
320 2428 365 2477 sed
385 2429 543 2496 preproperi
560 2430 638 2495 ipsius
659 2430 835 2496 desperatione
848 2422 960 2493 victum,
975 2432 1022 2496 jam

120 2501 317 2551 desiderabilem
328 2514 355 2551 et
363 2520 485 2568 magnum
492 2504 636 2569 principem
645 2503 714 2552 lectt.
726 2505 811 2569 Quum
822 2504 924 2553 interim
933 2508 1023 2573 spargit

119 2575 246 2639 legiones,
258 2588 370 2625 exarmat
384 2578 517 2639 cohortes,
531 2595 596 2627 nova
613 2578 727 2642 quotidie
743 2578 812 2627 bello
827 2580 922 2627 semina
935 2581 1022 2629 minis·

120 2656 170 2695 trat
182 2666 188 2695 z
199 2648 221 2696 si
233 2648 294 2713 quid
304 2650 403 2697 ardoris
413 2666 441 2698 ac
452 2642 550 2699 ferociae
563 2650 636 2699 miles
651 2650 748 2713 hahuit,
760 2652 875 2717 popinis,
889 2658 1021 2701 et‘comes·

119 2722 277 2780 sationibus,
294 2733 321 2770 et
333 2724 455 2789 principis
470 2725 628 2785 imitatione,
645 2723 778 2773 deteritur.
792 2724 851 2773 Tibi
864 2725 877 2773 ὲ
890 2726 988 2788 iudei,
1001 2738 1022 2775 tt

119 2793 206 2859 Syriai,
224 2806 250 2843 et
258 2796 371 2863 AEgypto
382 2814 475 2847 novem
485 2799 597 2863 legiones
609 2801 726 2865 integrm,
738 2798 808 2849 nulli
819 2802 872 2849 acie
887 2800 1021 2859 exhauste,

77 2927 80 2935 Ι
119 2881 171 2913 uon
183 2866 309 2916 discordid
321 2883 445 2937 corruptae
456 2890 462 2921 ε
475 2872 519 2920 sed
531 2873 644 2929 firmatus
657 2890 704 2920 usu
714 2874 801 2933 miles,
811 2886 837 2921 et
845 2874 906 2922 belli
916 2874 1020 2924 domitor

121 2941 229 2988 externi.
240 2941 377 3002 classium,
387 2948 484 2995 alarum
495 2982 501 3005 ,
512 2946 657 2997 cohortium
667 2941 773 3014 rohora3
784 2959 810 2997 et
818 2946 933 3000 fidissimi
940 2966 1021 3017 reges3

123 3022 149 3060 ct
161 3023 203 3059 tua
213 3022 271 3059 aute
282 3028 370 3062 omues
379 3018 546 3082 experientia.

153 3084 288 3138 LXXVII·
307 3088 411 3139 »Nobis
430 3090 495 3139 nihil
513 3090 580 3139 utut
592 3092 728 3157 arrogabo,
741 3092 817 3157 qulam
826 3110 858 3142 ne
867 3102 925 3157 post
933 3092 1020 3144 Valen-

123 3168 176 3207 teru
190 3177 218 3208 ac
231 3162 355 3211 Caecinam
366 3180 538 3217 numeremur.
548 3165 585 3213 Ne
594 3178 679 3214 tameu
690 3165 839 3231 Mucianum
851 3168 946 3215 socium
956 3183 1018 3232 sprc-

123 3232 206 3291 reris‚
226 3236 284 3299 quia
302 3239 421 3286 aemulum
439 3254 491 3285 uon
511 3238 633 3303 experiris
647 3255 653 3285 :
666 3254 706 3285 me
726 3238 832 3287 Vitellio
848 3250 983 3303 antepono,
999 3251 1018 3287 ts

123 3306 196 3358 mihi.
212 3307 272 3358 Tuae
289 3308 378 3363 domm
395 3308 549 3379 triumphale
565 3326 673 3371 nomeu,
691 3308 743 3362 duo
758 3310 878 3377 juvenes,
892 3313 1015 3379 capariam
1042 3308 1043 3327 ³
