2100 3709
81 132 84 135 -
109 88 144 171 id
427 103 451 152 e.
472 108 564 151 cons.
586 108 699 151 rtem

113 202 224 246 vertant.
237 192 295 244 Non
310 192 465 245 imbecillum
479 192 594 255 tantini,
607 206 633 243 st
644 196 766 262 imparem
774 186 903 243 laboribus
911 196 1036 251 suum,

109 270 175 327 sed,
193 271 214 319 si
226 270 326 319 licentia
340 268 417 327 adsit,
432 286 540 331 saevum,
555 268 732 327 ambitiosum,
745 269 878 334 potestatis
890 265 1007 315 avidum
1022 282 1032 313 t

108 342 227 391 incedere
241 344 306 393 inter
323 344 418 391 milites
426 378 433 401 ,
447 341 539 391 habere
557 342 589 391 ad
606 359 710 391 manum
724 344 903 391 centuriones:
922 356 1032 405 prase-

82 435 87 443 ·
112 414 178 465 disse
196 434 275 483 nuper
297 416 418 467 feminam
436 419 555 468 exercitio
575 416 734 478 cohortium,
754 416 862 466 decursu
874 416 1032 481 legionum.

113 486 259 552 cogitarent
267 490 327 555 ipsi,
339 491 455 554 quotiens
466 489 664 555 repetundarum
675 490 753 554 aliqui
764 489 1033 554 ar·g11er·entur,plura

114 562 234 611 uxoribus
251 562 371 626 objectari
383 581 389 610 :
401 564 441 612 his
458 565 544 612 statim
559 563 727 611 adherescere
745 563 911 611 deterrimum
928 576 1034 624 quem-

115 625 164 695 'q'ue
182 635 396 698 provincialium:
418 637 449 685 ab
461 636 501 684 bis
518 637 624 700 negotia
634 638 739 701 suscipi,
761 636 867 699 transigi
884 654 890 683 :
908 634 1035 681 duorum

114 720 227 770 egressus
245 708 294 755 coli
306 740 322 770 ‚,
332 708 384 757 duo
398 724 452 759 esse
467 711 598 774 praetoria3
613 708 787 773 pervicacibus
803 710 881 771 magis
899 717 925 753 et
936 706 1034 770 impo-

115 779 372 829 tentibusmulierum
387 781 478 847 iussis3
498 797 553 845 qun
565 780 654 845 Oppiis
665 780 794 843 quondam
807 781 910 843 aliisque
921 773 1035 844 legibus

116 852 272 907 constrictae.
287 870 354 903 nunc
364 890 371 914 ‚
384 854 473 903 vinclis
484 853 620 910 exsolutis,
630 850 733 911 domos,
745 852 798 901 lora
805 889 814 913 ,
824 853 876 917 jam
886 863 911 901 et
923 854 1035 902 exerci-

114 928 290 981 tusregerent.
483 926 485 932 '
899 930 903 937 '
929 947 936 952 -

100 1000 102 1011 ’
146 990 272 1043 XXXIV.
290 996 429 1041 Paucorum
442 990 492 1039 hac
503 990 611 1039 adsensu
625 989 728 1055 audita3
740 992 825 1055 plures
836 989 1033 1053 obturbabant,

116 1079 223 1127 sueque
239 1064 347 1113 relatum
362 1058 400 1113 de¹
410 1064 527 1129 negotio;
539 1080 622 1127 neque
634 1063 758 1116 Caecinam
774 1060 879 1128 dignum
896 1074 976 1113 tautae
993 1058 1034 1112 rei

117 1148 245 1185 censorem
260 1154 285 1187 u.
305 1138 369 1187 Mor
388 1138 505 1187 Valerius
524 1137 702 1195 Messallinns,
719 1138 760 1185 cui
779 1152 869 1201 parens
888 1137 1033 1197 Messalla,

112 1210 248 1274 ,ineratque
262 1212 345 1275 inrogo
362 1221 472 1275 paternis
487 1209 626 1269 facundia,
643 1208 773 1276 respondit
784 1226 791 1256 ε
804 1225 820 1255 o
834 1208 919 1260 Mutia
931 1210 1034 1259 duritie

116 1280 232 1339 ueterum
243 1284 269 1331 in
281 1284 373 1334 melius
384 1295 410 1333 et
426 1284 507 1333 latius
521 1282 634 1332 mutati:
648 1284 826 1348 nequeenim,
841 1296 870 1332 nt
884 1283 962 1338 otim.
979 1283 1034 1331 ob-

117 1353 196 1403 sideri
207 1356 296 1409 urbem
305 1352 394 1415 bellis,
405 1368 449 1407 aut
462 1357 605 1423 prouincias
614 1353 720 1409 hostiles
731 1372 784 1404 esse
797 1372 803 1401 ε
818 1366 845 1403 et
854 1371 935 1420 pauca
949 1355 1033 1404 lemi-

115 1444 209 1500 na-rum
217 1431 409 1482 necessitatibus
417 1430 537 1491 concedi,
547 1444 601 1498 quae
610 1436 644 1479 uc
652 1430 787 1495 coniugum
796 1426 898 1495 quidem
907 1442 1036 1497 penates,

117 1500 184 1551 adso
196 1503 278 1555 socios
289 1522 342 1555 non
353 1518 475 1567 onerent:
490 1518 579 1555 cetera·
585 1506 729 1569 promiscua
739 1520 797 1551 cum
810 1502 903 1551 marito
909 1538 918 1562 ,
927 1518 978 1551 nec
990 1504 1034 1552 nl·

116 1572 176 1623 tum
186 1574 214 1625 in
230 1592 260 1627 eo
270 1579 339 1644 pacis
351 1580 573 1644 impedimentum.
588 1577 657 1621 Bella
669 1575 743 1637 plani
757 1575 875 1624 accinctis
888 1575 1013 1624 obeunda
1026 1586 1035 1618 2

124 1656 367 1711 sederevertentibus
379 1670 436 1721 post
445 1658 572 1709 laborem,
584 1652 653 1715 quod
665 1652 809 1711 honestius,
822 1653 898 1717 quim
909 1659 1034 1706 uxorium

4 1712 310 1787 momentum?
318 1728 353 1778 At
359 1728 479 1791 quasdam
488 1728 514 1775 in
522 1725 689 1774 ambitionem
696 1739 740 1775 aut
746 1726 877 1774 avaritiam
886 1731 1034 1797 prolapsas·

120 1800 209 1865 Quid?
221 1802 334 1867 ipsorum
343 1798 537 1864 magistratuum
548 1814 632 1846 nonne
643 1801 776 1864 plerosque
788 1799 864 1847 variis
875 1800 1036 1854 libidinibus

124 1872 266 1923 obnoxios?
284 1890 336 1922 non
351 1884 436 1921 tamen
450 1871 507 1921 ideo
521 1871 650 1921 neminem
662 1874 689 1919 in
700 1872 860 1939 provinciam
872 1875 954 1924 mitti.
966 1879 1034 1927 Cor-

120 1958 212 2010 ruptos
224 1960 288 2011 saepc
299 1944 466 2011 pravitatibus
478 1960 587 1993 uxorum
597 1946 721 1994 maritos:
734 1962 797 1993 num
806 1960 866 2011 ergo
876 1963 968 1999 omues
978 1967 1035 2008 coe-

119 2018 186 2067 libes
197 2017 325 2081 integros?
338 2018 465 2067 Placuissc
478 2018 607 2083 quondam
618 2020 811 2086 Oppiaslleges,
824 2021 859 2069 sic
872 2025 1037 2087 temporibus

119 2090 269 2156 reipublicae
281 2090 481 2156 postulantibus:
491 2092 625 2141 remissum
633 2091 728 2157 aliquid
738 2104 835 2158 postea,
844 2095 1036 2161 anticipatum,

124 2164 184 2229 quia
194 2162 340 2229 expedierit.
350 2164 453 2214 Frustra
465 2174 578 2215 nostram
589 2167 716 2229 ignaviam
721 2164 770 2213 alia
779 2165 811 2212 ad
818 2166 942 2215 vocabuit
949 2180 1038 2219 trans·

122 2238 183 2295 ferri
195 2252 276 2287 :nam
289 2236 336 2291 riri
349 2238 375 2287 in
386 2254 417 2287 eo
432 2240 548 2305 culpam,
561 2240 582 2286 si
595 2237 690 2287 femina
700 2231 806 2294 modum
818 2238 922 2288 excedat
935 2259 942 2289 z
955 2244 1036 2307 porro

125 2312 159 2361 ob
168 2310 244 2359 unios
255 2319 299 2358 aut
308 2312 411 2375 alterius
423 2312 580 2361 imbecillum
590 2304 853 2377 animum,male'eripi
861 2313 960 2365 maritis
969 2333 1036 2365 con·

125 2387 204 2438 tortia
220 2400 307 2433 rorum
321 2384 488 2435 secundarum
504 2384 727 2449 adversarumque.
743 2387 929 2436 Simulacrum
942 2387 1037 2438 naturi

124 2452 267 2516 invalidum
284 2458 380 2517 deseri,
394 2470 420 2509 et
433 2461 525 2527 exponi
539 2475 585 2509 suo
597 2459 675 2516 luxu,
687 2458 851 2524 cupidinibus
868 2461 977 2511 olienis:
994 2464 1036 2512 vix

98 2580 102 2583 ,
123 2534 245 2603 praesenti
254 2533 369 2583 custodii
384 2550 485 2584 manere
496 2534 571 2585 illaesa
580 2532 697 2597 conjugia
708 2549 714 2579 ι
727 2533 789 2602 quid
800 2533 854 2581 fore
864 2570 870 2588 .
882 2534 905 2582 si
915 2550 962 2599 per
974 2538 1045 2603 plum

124 2620 167 2655 res
177 2606 293 2655 sunosio
304 2606 411 2655 modum
423 2605 523 2653 discidii
534 2605 734 2655 oblitterentur?
743 2606 784 2655 Sic
796 2606 896 2654 obviam
909 2609 978 2658 irent
990 2612 1036 2672 iis,

122 2693 182 2741 „quac
194 2680 255 2725 alibi
266 2688 442 2742 peccarentur,
454 2678 647 2741 utilagitiorum
657 2680 727 2728 urbis
735 2680 909 2729 meminissent
917 2698 943 2731 u.
956 2682 1038 2733 Addi-

108 2750 167 2799 ‘rlit
175 2766 255 2815 pauca
265 2749 360 2799 Drusus
369 2747 400 2797 de
412 2748 576 2798 matrimonio
586 2764 646 2799 suo:
661 2768 743 2801 unam
750 2752 910 2818 principibus
918 2755 1036 2806 adeunda

129 2822 220 2887 saepius
229 2822 366 2886 longinqua
374 2819 484 2887 imperii.
495 2822 620 2883 Quotiens
629 2822 717 2873 divum
725 2825 902 2890 Augustumiu
912 2828 1036 2879 Occiden-

126 2901 181 2948 tem
193 2907 267 2959 atquc
279 2896 410 2945 Orientem
422 2898 562 2955 meavisse,
573 2898 665 2947 comite
678 2898 771 2949 tivit?
784 2914 812 2949 se
826 2916 926 2963 quoque
941 2903 966 2950 in
979 2904 1037 2972 llly-

126 2969 212 3020 ticum
225 2966 382 3035 prolectum3
403 2979 443 3029 et,
455 2970 477 3017 si
490 2970 524 3019 lta
538 2970 678 3032 conducat,
697 2974 756 3022 alias
774 2972 807 3021 ad
822 2985 910 3038 gentes
923 2975 1037 3033 iturum,

129 3040 199 3092 baud
216 3056 314 3107 semper
326 3058 397 3108 aquo
408 3043 508 3107 animo,
529 3044 551 3093 si
564 3043 596 3092 ab
607 3058 692 3094 uxore
707 3045 851 3114 carissimi,
864 3056 891 3095 et
905 3057 946 3097 tot
962 3065 1035 3098 com·

131 3116 249 3167 munium
264 3117 403 3173 liberorum
414 3129 522 3187 parente
529 3154 537 3184 ,
546 3118 750 3170 divelleretur».
766 3120 810 3169 Sic
821 3121 925 3170 Caecinae
936 3127 1045 3174 senten?

133 3191 168 3243 lia
180 3190 259 3241 elusa.

165 3264 278 3315 XXXV.
296 3264 329 3315 Et
340 3266 452 3333 proximi
465 3266 567 3317 senatuis
578 3267 633 3333 die,
647 3268 780 3327 Tiberius,
792 3281 840 3333 per
852 3266 950 3317 litteras
961 3270 1045 3321 casti·

137 3340 204 3411 gatis
215 3338 318 3409 obliqui
328 3342 455 3409 patribus,
468 3341 561 3411 aquid
570 3353 661 3395 cuncte
670 3355 788 3396 curarum
799 3340 831 3392 sd
842 3341 985 3411 principem
995 3359 1037 3404 rte

519 3622 522 3629 ,
577 3571 594 3617 s
