2100 3709
43 15 91 75 til
354 37 380 78 c.
403 24 497 77 contr.
519 26 656 100 trtcrr't¹

41 109 168 169 violentii
176 118 272 169 exitum
283 119 440 180 intraverat,
452 123 535 187 segnis
546 132 571 170 et
583 115 801 170 dominationibus
812 115 869 174 aliia
879 119 965 172 besti·⁶

43 191 126 251 ditus,
140 191 204 241 adeo
212 194 287 242 utC.
298 194 380 244 Cretae
386 194 516 265 pecudem
528 211 642 247 auream
655 211 714 242 eum
726 195 963 260 appellareaobtus

44 266 91 312 sit:
103 265 192 314 veriam
204 266 342 355 Agrippina
350 267 420 318 barri
428 267 521 332 ejuaL.
532 268 616 316 Silano
628 283 715 317 necem
726 269 831 327 molita,
843 272 960 320 ultorem

43 337 188 398 metuebat,
198 336 285 388 crebri
295 341 364 404 vulgi
376 338 442 390 lami
454 340 682 405 «anteponendum
692 356 746 390 esse
758 342 803 390 rin
814 341 876 392 dum
888 356 958 408 pue·

41 408 128 458 ritiam
143 428 242 478 egresso
254 413 366 470 Neroni,
388 425 414 463 et
427 414 561 480 imperium
575 429 621 480 per
639 415 722 463 scelus
740 414 848 480 adepto,
866 418 957 467 virum

43 495 115 545 astate
126 484 276 551 compositi,
288 484 428 544 insontem,
440 486 564 547 nobilem,
573 497 628 548 eto,
638 486 779 550 quodtunc
786 499 957 552 spectaretur,

43 555 78 603 «ὲ
94 559 220 607 Caesarum
235 560 382 624 posterisu:
398 559 490 625 quippe
503 571 530 608 et
540 560 640 608 Silanus
654 559 707 608 diri
720 558 830 624 Augusti
841 561 958 626 abnepos

42 631 177 692 erat1haec
191 646 265 679 mura
275 632 362 679 necis:
376 634 487 681 ministri
501 631 569 682 fuere
580 631 610 683 P.
624 631 698 680 Celer
713 648 788 696 eques
803 635 955 690 Romanus,

41 715 68 751 et
77 705 167 753 Helius
177 703 284 752 libertus
296 706 339 754 rei.
347 702 463 752 familiari
477 705 600 770 principia
612 705 637 752 in
649 703 709 752 Asta
721 706 850 772 impositi:
864 709 897 756 ab
915 705 956 755 lais

39 779 186 842 proconsuli
200 791 329 826 venenam
347 779 413 826 inter
430 781 525 844 epulas¹
534 777 620 827 datum
636 788 686 838 est,
703 778 815 844 apertius
830 779 907 845 qulam
923 791 954 830 ut

39 853 166 904 fallerent.
179 851 231 900 Nec
240 851 326 900 mincia
335 849 613 917 properathascissus
622 851 724 901 Claudii
735 853 856 911 libertus,
866 853 899 902 dc
909 863 954 902 c'u-

39 925 80 990 jus
95 925 182 992 jurgiis
195 926 317 974 advertus
330 927 496 992 Agrippinam
509 927 600 990 retuli,
617 925 705 993 asperi
720 925 850 984 custodiit,
864 939 891 976 et
902 943 954 975 ne-

41 1005 157 1051 cessitate
166 1001 292 1060 extremi,
307 1003 339 1050 ad
351 1014 461 1051 mortem
471 993 572 1069 agitbr3
586 1003 667 1052 invito
680 1004 808 1069 principe,
820 1003 892 1066 cujus
904 1003 955 1050 ab·

42 1071 103 1124 ditis
112 1073 195 1126 adhuc
205 1076 272 1126 vitiis
282 1069 328 1144 per
336 1079 468 1127 avaritiam
478 1096 507 1127 ac
515 1077 702 1144 prodigentiam
712 1078 775 1128 miri
784 1077 955 1150 congruebat.

75 1150 108 1197 tt.
121 1148 260 1214 Ibaturque
270 1152 296 1199 iu
305 1151 395 1208 cades,
405 1151 454 1198 nisi
464 1148 584 1200 Afranius
592 1151 698 1208 Burrus,
705 1162 731 1198 et
739 1149 847 1199 Anuaus
856 1150 957 1198 Seneca

41 1223 143 1274 obviam
155 1227 241 1275 issen't.
254 1226 288 1275 lli
297 1239 408 1276 rectores
417 1227 582 1294 imperatoria
591 1225 709 1289 iuventa,
724 1237 855 1289 amarum
866 1225 892 1272 iu
904 1241 954 1272 ao-

41 1297 132 1346 cietate
150 1299 286 1364 potentie,
305 1299 460 1361 concordes,
478 1297 577 1350 diversit
593 1311 646 1349 arte
664 1316 695 1347 ex
713 1315 783 1363 aquo
798 1297 954 1363 pollebant:

39 1366 137 1421 Burrus
147 1374 300 1425 militaribus
315 1377 400 1434 curis,
413 1387 439 1425 et
455 1377 588 1425 severitate
603 1389 703 1423 morum
714 1391 721 1438 5
734 1373 825 1422 Seneca
836 1387 956 1436 praecep-

40 1445 73 1494 tis
81 1446 238 1512 eloquentia,
248 1459 274 1498 et
281 1450 400 1498 comitate
411 1446 530 1497 bonesti:
540 1448 652 1509 juvantes
662 1446 771 1494 invicem
778 1481 784 1504 ,
792 1443 844 1514 qud
852 1442 954 1492 facilins

39 1517 164 1570 lubricam
173 1523 298 1588 principit
307 1532 419 1581 atatem,
432 1522 454 1567 si
467 1519 588 1566 virtutem
600 1517 808 1580 adspernaretur,
828 1518 955 1582 volupta-

40 1592 111 1645 tibus
123 1599 248 1645 concessis
267 1598 415 1644 retinerent.
432 1593 567 1638 Certamen
584 1590 685 1652 utrique
699 1604 777 1635 unum
792 1599 845 1639 erat
863 1591 956 1640 contra

38 1665 161 1716 ferociam
173 1668 329 1731 Agrippina»,
340 1680 394 1727 quae
405 1663 501 1710 conctis
512 1661 584 1708 maire
595 1659 775 1710 dominationis
787 1655 955 1726 cupidinibus

39 1738 163 1804 flagrans,
176 1739 285 1787 babebat
298 1740 325 1785 in
339 1735 456 1802 partibus
468 1735 609 1787 Pallantem
622 1753 630 1800 ι
643 1752 694 1799 quo
713 1746 815 1784 auctore
827 1737 954 1786 Claudius

39 1816 136 1879 nuptiis
153 1814 267 1870 incestis,
283 1823 310 1859 et
324 1810 461 1876 adoptione
479 1811 599 1874 exitiosi,
619 1823 701 1860 semet
718 1817 883 1877 perverterat.
898 1811 953 1862 sed

38 1883 122 1949 neque
140 1884 236 1935 Neroni
252 1884 316 1932 inira
331 1897 415 1931 servos
432 1885 578 1950 ingenium3
592 1897 617 1934 et
633 1885 715 1935 Pallas
729 1884 794 1933 tritti
808 1885 953 1950 arrogantia

39 1960 146 2010 modum
162 1958 246 2006 liberti
261 1965 388 2022 egressus,
406 1956 509 2006 tedium
521 1958 559 2006 sui
574 1971 700 2008 moverat.
717 1955 851 2024 Propalim
865 1969 954 2008 tamen

39 2048 127 2082 omnes
142 2033 169 2080 in
183 2047 239 2079 earn
251 2030 363 2080 bonores
377 2032 590 2092 cumulabantur,
603 2035 837 2098 signumquemore
853 2031 953 2080 militiae

38 2106 137 2171 petenti
153 2105 256 2154 tribuno
268 2103 357 2164 dedit,
372 2120 481 2154 oretum
489 2113 600 2156 ttsrrts.
612 2106 715 2155 Decreti
727 2115 750 2152 et
762 2101 776 2151 t
790 2115 878 2151 senatu
895 2105 950 2154 duo

40 2180 166 2242 lictores,
178 2177 332 2244 flaminium
344 2178 596 2245 Claudiaiefflimul
611 2180 727 2232 Claudio
735 2176 950 2245 censorinmfrr-

39 2272 92 2306 nuc
99 2291 109 2314 ‚
119 2267 144 2303 et
155 2271 215 2303 mox
227 2261 407 2309 consecratae.

10 2378 15 2388 ,
71 2326 119 2378 111.
130 2327 177 2376 Die
193 2325 288 2378 funeris
302 2329 475 2381 laudationem
488 2327 541 2393 ejus
552 2327 783 2395 princepsexorsua
794 2337 842 2376 est.
859 2323 948 2373 «Dum

38 2402 348 2470 antiquitatemgeneris,
349 2404 509 2465 consulatus,
521 2419 550 2451 ac
563 2401 707 2468 triumphos
719 2399 866 2462 maiorum»
879 2414 947 2468 eau—
1042 2451 1043 2462 χ

38 2479 169 2537 merebat,
179 2479 298 2528 intentus
317 2479 372 2546 ipse
389 2493 415 2529 et
432 2479 531 2530 ceteri·
554 2477 710 2528 liberalium
727 2490 827 2538 quoque
847 2476 950 2524 artium
1015 2501 1019 2510 ι
1042 2469 1043 2536 l

39 2554 262 2612 commemoratio,
282 2566 328 2602 ret
346 2553 410 2603 nihil
418 2563 540 2617 regente
553 2567 598 2612 eo
610 2552 682 2599 triste
700 2549 841 2613 reipublice
854 2548 885 2596 ab
901 2564 950 2596 ex·
976 2586 981 2590 .

39 2624 117 2670 ternis
132 2625 283 2686 accidisse»,
299 2614 387 2690 pronis
399 2626 490 2671 animis
507 2620 613 2670 audita:
633 2626 767 2688 postquam
784 2620 816 2669 ad
840 2622 952 2686 rrprovi

42 2695 155 2744 dentiam
164 2695 363 2760 sapientiamque
370 2715 384 2744 ιι
397 2698 476 2758 flexit,
489 2697 634 2743 nemoriani
644 2707 796 2758 temperare,
806 2711 951 2758 quanquam

40 2767 122 2816 oratio
138 2766 256 2830 itSeneca
269 2770 408 2834 composita
422 2732 530 2816 muitum
547 2765 629 2816 cultris
640 2767 787 2833 praeferret:
806 2779 834 2815 ut
848 2769 897 2817 luit
912 2771 950 2819 illi

43 2842 100 2906 viro
110 2841 238 2904 ingenium
246 2842 543 2911 ammaum,ettemporis
551 2841 603 2908 ejus
611 2842 714 2890 auribus
721 2842 952 2906 accommodatum.

38 2913 203 2964 Adnotabaut
212 2917 331 2974 teniores,
341 2917 433 2981 quibua
443 2917 556 2966 otiosum
566 2927 605 2964 est
615 2927 700 2965 vetera
711 2927 734 2965 et
745 2918 876 2982 prasentia
886 2933 952 2966 con-

40 2986 161 3041 tendere,
181 2990 316 3055 optimum
334 3005 367 3039 ex
387 2991 432 3055 iia,
449 2991 493 3055 qui
513 3006 599 3038 rerum
616 2991 692 3056 potiti
705 2997 805 3048 essent,
824 2991 950 3039 Neronem

40 3062 126 3110 alienae
138 3060 261 3110 facundia
280 3066 407 3128 eguisset).
423 3064 488 3114 Nam
503 3062 612 3113 dictator
627 3065 706 3114 (iasar
720 3064 826 3126 summis
841 3065 950 3112 oratori·

39 3135 89 3185 bus
99 3135 204 3186 remului
214 3155 220 3186 :
229 3149 255 3186 et
264 3139 380 3206 Augusto
389 3151 505 3206 prompta
515 3155 545 3186 ac
554 3140 682 3206 profluens
692 3174 698 3196 ,
709 3153 762 3203 que
774 3135 876 3185 deceret
885 3138 950 3202 prin-

39 3209 142 3273 cipem,
156 3211 301 3276 eloquentia
322 3210 381 3262 luttss
398 3213 518 3262 Tiberius
537 3225 616 3262 artem
636 3227 737 3278 quoque
755 3209 881 3272 callebat,
901 3210 949 3274 qui

39 3283 120 3346 ‚rerba
129 3285 289 3356 expeuduet,
304 3298 360 3341 tum
369 3287 469 3344 validus
483 3288 615 3354 sensibus,
628 3299 672 3338 aut
683 3283 798 3340 consulti
809 3285 949 3354 ambiguus.
