2100 3709
124 1 158 71 38
212 1 220 23 s
441 28 467 69 e.
485 26 577 69 coar.
592 20 708 67 rtcrrr

126 127 300 183 opportunum
312 116 344 167 sd
356 117 474 181 insidias,
490 117 679 167 defensantibus
692 115 808 179 iniquum
821 128 827 163 t
842 114 900 165 atsi
911 132 982 166 mare
993 105 1034 164 inl

124 200 218 248 tretur,
229 206 372 263 promptam
380 194 440 259 ipsis
449 192 651 256 possessionem,
659 201 685 238 et
692 188 807 237 hostibus
816 192 946 255 ignotam3
958 190 1032 239 simul

125 263 222 313 bellum
235 266 357 315 maturiris
369 266 459 330 incipi,
471 266 632 329 legionesque
647 274 672 311 et
682 275 838 310 commeatus
851 267 948 329 pariter
962 215 1036 392 “hii

127 336 253 401 integrum
268 342 391 403 equitem,
404 354 547 402 equosque,
557 352 603 403 per
614 352 657 385 ora
669 344 696 385 et
706 335 791 383 alveos
801 337 940 385 fluminum
952 339 1018 387 ured'

127 410 154 458 in
168 410 300 461 Germanii
315 411 368 463 lore
377 428 402 461 ι.

159 486 206 538 vt.
217 488 296 553 Igitur
306 487 355 535 huc
366 484 493 536 intendit:
504 482 588 533 missis
596 484 628 531 ad
637 500 728 534 census
739 485 880 534 Galliarum
887 488 919 535 P.
929 486 1036 550 Vitelliol

127 568 154 608 et
163 559 266 621 Cautio,
278 560 354 609 Silius
366 570 393 608 et
406 557 530 617 Anteius,
539 568 565 606 et
574 558 672 607 Caecina
685 558 835 607 fabricandae
847 560 923 609 classi
934 553 1036 627 prepo-¹

127 645 232 685 suatur.
245 635 316 685 Mille
331 649 408 683 nares
420 634 534 681 sufficere
545 631 619 695 vira,
629 644 822 698 properataeque
836 651 841 681 ι
863 635 919 681 alia·
929 634 1033 691 breves,

126 707 230 770 angusti
241 709 320 774 puppi
332 706 469 773 prosique,
483 717 509 753 et
520 707 573 753 lato
583 717 674 762 utero,
687 704 738 768 qub
752 704 850 753 facilius
861 706 957 755 lluctus
969 708 1033 755 tole-

125 786 210 827 rarent
228 797 234 828 ι
252 780 366 843 quasdam
383 779 462 845 plaute
480 779 587 836 carinis,
604 790 634 827 ut
648 780 702 827 sine
719 776 787 826 nori
803 778 916 827 siderent
929 797 935 827 ι
949 781 1032 845 plures

124 855 244 917 appositis
259 857 377 917 utrinque
393 852 585 918 gubernaculis,
602 868 725 901 converso
742 864 770 900 ut
786 853 892 917 repente
908 854 1028 919 remigio,

124 922 183 973 hinc
197 927 238 974 vel
254 928 325 975 illiuc
340 924 496 991 adpellerent
511 944 517 975 ς
532 926 618 973 multae
634 926 756 991 pontibus
770 937 867 985 stratae,
881 942 959 991 super
972 942 1032 991 quas

122 1008 248 1051 tormenta
261 1002 413 1049 veherentur
420 1037 429 1059 ‚
440 1002 516 1049 simul
525 1011 588 1065 apta
596 1000 708 1049 ferendis
716 1002 802 1063 equis,
810 1013 854 1049 aut
863 1004 1030 1057 commeatui,

122 1071 185 1119 velis
206 1072 318 1135 habiles,
342 1076 396 1123 cita
420 1077 515 1131 remis,
537 1073 694 1137 augebantur
717 1073 845 1121 alacritate
868 1073 984 1126 militum
1007 1076 1031 1121 in

83 1200 86 1205 Ι
122 1147 232 1208 speciem
248 1165 277 1197 ac
294 1161 428 1199 terrorem.
446 1148 535 1199 lnsula
552 1150 708 1198 Batavorum
721 1149 749 1198 ιιι
770 1165 846 1213 quam
866 1152 1031 1199 convenirem

120 1217 257 1281 praedicta,
273 1224 306 1271 ob
320 1220 405 1273 faciles
422 1222 556 1290 adpulsus,
575 1221 778 1287 accipiendisque
797 1221 892 1288 copiis,
908 1234 935 1271 et
951 1233 1032 1271 trana-

119 1290 273 1347 mittendura
287 1295 319 1344 ad
331 1296 426 1345 bellum
441 1308 592 1362 opportuna.
605 1295 673 1345 llam
684 1294 788 1343 Rhenus
799 1311 851 1343 uuo
863 1296 936 1343 alveo
946 1297 1032 1346 conti-

120 1380 202 1426 nuus,
213 1382 257 1418 aut
272 1370 385 1419 modicas
402 1370 497 1431 insulas
508 1369 723 1429 circumveniens,
734 1369 802 1437 apud
813 1369 968 1436 principium
982 1371 1032 1432 agri

117 1438 208 1489 Batavi
218 1444 289 1492 velut
299 1446 325 1493 ιιι
337 1445 400 1493 duos
408 1462 494 1495 amnes
505 1443 645 1493 dividitur:
655 1456 788 1507 serrasque
796 1458 890 1492 nomen
901 1453 927 1489 et
937 1442 1039 1490 violem

119 1514 180 1563 tiam
197 1518 302 1577 curatis,
321 1518 370 1583 quir
388 1521 553 1568 Germaniam
570 1517 737 1581 praerebitur,
753 1517 835 1564 donsc
851 1518 953 1569 Oceano
968 1520 1031 1565 mis-

119 1600 221 1654 ceatur5
241 1590 272 1637 ad
291 1591 415 1637 Gallicam
432 1594 513 1647 ripam
531 1587 606 1629 latior
623 1595 649 1629 et
665 1585 788 1645 placidior
807 1587 936 1650 adfluens,
955 1606 1029 1638 verso

120 1626 290 1723 cognomento
303 1660 436 1711 Vahalem
447 1656 538 1703 aecolae
549 1652 650 1702 dicunt:
644 1672 721 1706 ·mox
730 1658 757 1705 id
768 1675 869 1722 quoque
878 1663 1032 1711 vocabulum

118 1744 201 1779 mutat
217 1733 303 1783 Most!
314 1732 435 1789 flumine,
447 1728 551 1797 ejusque
563 1729 689 1780 immenso
707 1749 751 1783 ore
766 1731 906 1783 eumdem
900 1753 927 1785 ιιι
947 1739 1030 1787 Ocea-

123 1820 186 1851 num
205 1804 353 1855 ellirnditur.

151 1876 209 1925 Vll.
227 1878 275 1925 Sed
288 1879 386 1936 Caesar,
401 1878 465 1928 dnm
483 1878 620 1947 adiguntur
633 1895 726 1942 naves,
742 1878 832 1930 Silium
844 1882 957 1949 legatum
971 1902 1032 1935 cusu

121 1950 237 2015 expediti
253 1967 331 2000 ιιιιιιιι
347 1952 513 2018 irruptionem
527 1957 553 2003 ιιι
566 1955 652 2004 Cattos
661 1955 741 2003 tacere
752 1954 824 2019 jubet
837 1974 844 2005 z
857 1959 925 2023 ipss,
942 1961 1032 2008 audito

121 2028 253 2076 castellum
271 2028 374 2095 Luppirs
389 2030 489 2079 flumini
508 2030 656 2096 adpositum
672 2029 792 2092 obsideri,
808 2047 851 2079 sex
869 2031 981 2097 legiones
1001 2035 1032 2082 eb

108 2100 203 2152 'duxit
222 2104 309 2168 Neque
327 2104 390 2152 Silio
411 2104 443 2152 ob
462 2105 560 2153 subitos
580 2106 674 2154 imbres
694 2105 886 2168 alludentem,
906 2106 983 2171 quim
1003 2121 1031 2157 nt

118 2178 244 2227 modicam
252 2177 361 2244 praedam
370 2214 377 2237 ‚
387 2190 412 2227 et
419 2176 481 2245 Arpi
488 2181 610 2246 principis
619 2181 891 2245 Castorumeoniugem
899 2181 1030 2248 filiamque

117 2264 232 2313 rzaperet
243 2269 324 2335 neque
334 2254 423 2302 Caesari
431 2258 531 2317 copiam
541 2266 628 2318 pugnae
638 2254 782 2302 obsessores
788 2252 885 2312 facere
892 2254 924 2301 ad
933 2255 1030 2302 samam

120 2325 275 2375 adventris'
246 2344 309 2405 epus
320 2328 418 2393 dilapsi.
429 2328 570 2376 Tumulum
580 2340 666 2376 tamen
676 2344 766 2392 nuper
762 2329 875 2377 Varianis
886 2329 1031 2393 legionibus

115 2414 258 2462 structum,
274 2415 300 2453 et
317 2414 427 2451 veterem
445 2419 514 2451 aram
531 2405 615 2452 Druso
633 2405 707 2452 sitam
725 2400 896 2464 disjecerunt:
912 2405 1030 2453 restituit

114 2493 197 2527 aram
192 2478 348 2545 ‚honorique
360 2478 439 2543 patris
449 2479 566 2543 princeps
577 2478 630 2543 ipse
640 2493 698 2525 cum
707 2475 849 2539 legionibus
861 2473 1028 2524 decucurrit:

115 2556 242 2605 tumulum
252 2559 342 2604 iterare
350 2552 420 2600 haud
428 2554 509 2600 visum
519 2570 525 2599 ι
534 2559 562 2599 et
569 2565 660 2599 cuncta
667 2554 732 2599 inter
739 2552 870 2599 castellum
879 2548 1026 2616 Alisonem,

114 2644 144 2677 sc
157 2628 290 2685 Rhenum,
303 2623 374 2671 novis
386 2623 524 2679 limitibus,
537 2626 718 2688 aggeribusque
731 2625 885 2690 permunita.

147 2698 219 2747 Vlll.
230 2700 250 2746 J·
245 2713 334 2759 unque
344 2696 430 2743 classis
441 2694 586 2754 advenerat,
599 2712 677 2759 quum
687 2699 816 2763 premisso
826 2706 986 2752 commeatu,
1000 2708 1028 2744 et

117 2772 279 2822 distributis
273 2789 299 2818 m
313 2769 425 2835 legiones
436 2776 465 2815 ac
474 2770 556 2817 socios
569 2772 690 2834 naribus,
701 2771 809 2829 fossam,
821 2786 863 2819 cut
856 2769 1028 2821 Drusianae

118 2862 228 2902 nomen,
247 2846 341 2908 ingres
333 2857 391 2899 ιιιι,
408 2854 574 2906 precatusque
586 2842 696 2893 Drusum
707 2833 820 2910 pafrem,
835 2855 881 2893 rut
893 2861 919 2893 se
938 2843 1028 2891 eadem

118 2936 220 2975 ausum,
228 2918 310 2966 libens
317 2918 478 2981 placatusque
488 2918 605 2985 exemplo
612 2935 641 2965 ac
647 2918 769 2968 memorii
777 2917 942 2966 consiliorum
951 2931 1029 2981 atque

119 3008 226 3057 operum
241 2990 379 3053 juvarem
394 2990 464 3037 lacus
481 2990 555 3050 inde,
572 3004 598 3040 et
610 2995 754 3051 Oceanum,
766 3008 847 3057 usque
857 2992 890 3039 sd
901 2990 1027 3040 Amisiam

119 3066 227 3123 flumen,
242 3064 352 3114 secuudd
364 3065 522 3131 aurigatione
531 3068 678 3135 pervehitur
691 3086 697 3116 ε
709 3070 795 3117 dassia
806 3067 908 3118 Amisiae
918 3069 1024 3130 relicta,

117 3142 180 3193 laevo
197 3156 284 3202 amne,
298 3152 459 3205 erratumque
468 3142 493 3191 ιιι
508 3160 555 3203 eo,
569 3140 639 3209 quod
651 3133 705 3192 ιιοιι
716 3143 834 3193 subvexit
847 3160 853 3190 :
868 3145 1026 3207 transposuit

117 3218 242 3283 militem,
262 3218 406 3269 destras'iu
425 3232 503 3269 terras
523 3215 619 3268 itu‘rum
637 3238 643 3266 :
662 3219 697 3267 ita
714 3220 800 3284 plures
816 3212 1025 3266 dies‘efficiendis

117 3293 239 3379 pontibus
250 3292 389 3363 absumpti.
398 3296 431 3349 Et
440 3310 516 3366 eques
529 3294 632 3363 quidem
644 3310 673 3346 sc
682 3294 795 3363 legiones
803 3292 886 3362 prinas
897 3294 1024 3351 aestuaris,
