2100 3709
48 87 120 158 ,116
196 128 199 132 Δ
381 99 405 141 e.
433 101 532 140 cons.
555 95 671 138 rterrt

69 178 1014 253 vocabulumdpeluncoe5mareAmuelapuminterFundanotquettion-

68 270 119 315 tes,
128 259 214 307 nativo
224 260 252 307 in
262 275 339 324 specu
348 277 354 307 :
362 260 416 322 ejus
426 274 463 316 os,
472 257 549 322 lapsis
558 254 660 320 repenti
671 255 746 313 saxis,
757 255 844 303 obruit
851 254 998 318 quosdam

70 330 199 381 ministros
211 349 218 380 ι
230 332 289 382 binc
300 343 382 382 metus
396 335 422 381 in
436 346 538 384 omnes,
550 341 575 376 et
583 329 641 392 fugo
654 343 758 387 eorum,
771 329 814 393 qui
828 327 999 384 concivium

69 403 241 456 celebrabunt.
253 403 356 464 Seianus
366 420 445 469 genu,
459 402 595 465 vultuque,
607 413 633 452 et
641 401 756 449 menibus
765 417 840 468 super
850 402 998 450 Curarem

70 492 221 541 suspensus,
235 479 355 542 opposuit
367 491 419 525 sese
430 474 600 523 incidentibus
610 493 617 522 ι
628 474 800 538 stqnehabitu
810 474 853 522 tali
860 484 997 539 repertus

70 559 110 597 est
121 548 135 598 i
145 552 283 609 militibus,
293 551 336 614 qui
345 550 459 599 subsidio
467 559 599 599 venerant.
609 549 690 610 Maior
699 564 730 596 ex
739 564 769 595 eo
778 569 786 612 3
799 559 824 596 et
833 561 996 611 quanquam

71 625 176 672 exitiosa
182 622 438 685 suaderet,utnonsni
445 621 662 685 anxius,cumlide
669 621 997 672 contenturoutitsimu-

69 694 189 763 libatque
200 699 292 763 judicis
303 713 387 767 partes
396 701 517 753 adversus
529 697 672 749 Germanici
682 699 785 764 stirpem
795 695 925 754 ,subditis
937 694 997 759 qui

71 785 245 822 accusatorum
253 775 356 822 nomina
363 777 527 835 sustinerent,
536 771 696 836 maximique
705 774 889 820 insectarentur
895 771 998 820 Nero-

69 859 147 904 nem,
156 848 303 911 proximum
312 850 466 898 successioni
474 885 481 907 ,
489 844 911 913 etquanquarnmodesti'jurentt,
924 845 994 909 ple,-

70 932 176 979 rumque
188 929 270 968 tamen
281 921 342 984 quid
352 923 379 971 in
390 924 579 988 praesentiarum
591 919 746 969 conduceret
754 920 877 984 oblitum3
890 919 957 966 dum
972 915 993 964 ὶι

70 988 169 1038 libertis
181 1003 207 1039 et
216 993 353 1044 clientibus
364 995 503 1062 apiscendae
515 995 634 1060 potentiae
647 991 994 1060 properis,esstimulstur,

73 1075 121 1113 tut
131 1077 242 1116 erectum
252 1077 278 1116 et
284 1069 405 1120 fidentem
415 1073 493 1120 animi
508 1069 666 1119 ostenderet:
679 1069 745 1118 velle
756 1067 781 1116 id
790 1068 916 1134 populum
925 1069 970 1117 tto
977 1091 993 1103 ·

71 1152 174 1188 martum
188 1160 193 1186 :
206 1157 299 1206 cupere
310 1147 453 1196 exercitus:
469 1161 552 1209 neque
564 1161 684 1194 ausurum
695 1142 783 1192 contri
793 1143 911 1204 Seianum
918 1141 994 1205 ,qui

70 1223 139 1259 nunc
151 1214 297 1277 potientium
307 1220 390 1278 senis,
404 1231 430 1269 et
442 1221 573 1286 segnitiam
584 1219 683 1282 juvenis
696 1217 763 1281 'rusti
773 1215 876 1264 insultet
884 1231 912 1264 n.
930 1243 987 1260 ...-

103 1285 161 1334 Lx.
173 1283 231 1337 Herc
241 1301 315 1355 atque
326 1293 387 1342 talia
395 1293 509 1344 audienti
517 1331 524 1355 ,
532 1292 598 1342 nihil
608 1292 712 1357 quidem
720 1305 800 1356 praru
809 1286 991 1351 cogitationis,

70 1355 254 1412 sedint'erdum
264 1361 903 1434 vocesprocedebantcontumsoes,etinconsultse3
919 1376 992 1423 quas
1031 1385 1032 1390 =

70 1430 180 1498 adpositi
192 1440 310 1490 custodes
320 1457 438 1510 exceptas
449 1454 584 1510 auctasque
593 1459 671 1508 quum
684 1439 806 1490 deferrent
816 1473 822 1494 ,
832 1451 915 1500 nequo
925 1437 989 1492 Ne,

69 1507 128 1554 roni
144 1508 279 1564 defendere
297 1516 417 1583 daretur,
434 1519 539 1569 dirersae
555 1521 656 1580 insuper
673 1512 873 1562 sollicitudinum
893 1507 989 1580 lorrute

70 1582 217 1636 oriebantur
231 1609 237 1638 :
253 1607 311 1638 nam
326 1593 389 1638 nlius
406 1605 540 1636 occursum
554 1587 608 1645 ejus
620 1585 701 1629 vitare
714 1581 816 1643 quidam
830 1582 988 1632 salutatione

70 1654 170 1704 redditi
182 1663 266 1708 statim
278 1661 358 1706 averti
371 1679 376 1706 ι
387 1662 500 1723 plerique
510 1660 651 1722 incoeptum
659 1667 800 1702 sermonem
811 1653 965 1719 abrumpere
976 1675 985 1721 5

28 1745 37 1757 x
70 1725 244 1777 insistentibus
255 1729 342 1778 contri
353 1729 581 1792 irridentibusque,
592 1729 634 1791 qui
645 1727 734 1787 Seiano
745 1725 855 1774 lautores
864 1724 985 1780 aderant.
1031 1727 1032 1742 ¹

70 1796 207 1850 Enimvero
218 1803 334 1852 Tiberius
345 1814 445 1862 torvus,
457 1815 501 1850 aut
510 1801 600 1849 salsirut
610 1799 730 1848 renidens
738 1798 824 1864 vultu5
836 1813 881 1848 teu
890 1799 985 1866 loque.

70 1884 158 1931 retur,
172 1890 216 1925 sen
231 1888 325 1925 taceret
338 1876 437 1938 juvenis
447 1912 454 1934 ,
465 1876 562 1927 crimen
574 1891 605 1924 ex
615 1873 733 1934 silentio,
745 1890 776 1922 ex
790 1887 853 1922 voce
866 1889 872 1923 :
885 1887 918 1922 ne
931 1893 986 1928 nox

73 1945 175 2006 quidem
186 1964 282 2012 secura,
292 1966 370 2012 quum
379 1963 446 1997 uxor
454 1950 563 2018 vigilias,
573 1966 685 2012 somnos,
696 1949 802 2016 suspirie
809 1948 885 1997 matri
894 1949 984 2010 Liviae,

71 2029 146 2082 etque
154 2020 195 2068 illa
204 2023 292 2085 Sejano
302 2021 453 2088 patefaceret
463 2041 469 2070 :
482 2026 525 2090 qui
533 2023 637 2075 fratrem
647 2040 746 2090 quoque
754 2025 862 2073 Neronis
871 2022 983 2073 Drusum

74 2093 153 2140 traxit
160 2094 290 2159 inportet,
302 2113 346 2161 spe
354 2095 453 2159 objecti
462 2100 583 2166 principis
593 2102 656 2164 loci,
668 2102 687 2148 si
697 2101 808 2164 priorem
817 2108 886 2145 aetste
897 2109 922 2146 et
930 2096 982 2156 iarn

71 2162 224 2216 labeliacturn
238 2164 402 2219 demovisset.
415 2171 495 2220 Atrox
508 2173 585 2222 Drusi
597 2175 741 2239 ingenium,
752 2169 981 2237 supercupidiucm

70 2243 189 2301 potentin
198 2249 226 2291 ct
236 2244 308 2291 solita
318 2242 438 2302 fratribus
448 2244 507 2293 odia
516 2281 523 2304 ,
533 2245 716 2294 accendebatur
726 2243 836 2307 inridid,
846 2242 915 2306 qudd
924 2260 981 2292 ms·

72 2325 110 2362 ter
127 2317 266 2383 Agrippina
279 2320 424 2385 promptior
437 2320 537 2369 Neroni
552 2333 621 2369 erat:
635 2336 716 2384 neque
729 2333 814 2369 tamen
827 2317 929 2383 Sejanus
943 2318 979 2368 ite

68 2387 179 2441 Drusum
191 2391 308 2455 fovebat,
320 2406 349 2442 ut
361 2412 412 2444 non
423 2397 449 2443 in
460 2411 519 2445 eum
533 2413 631 2462 qnoque
646 2397 742 2445 semina
753 2395 831 2443 futuri
843 2395 914 2442 exitii
924 2409 979 2442 ins·

70 2461 211 2533 ditaretur-5
228 2485 320 2534 gnarus
331 2469 507 2534 preferocenr,
522 2483 549 2518 et
565 2471 661 2520 insidiis
675 2471 752 2534 magis
765 2480 944 2534 opportunum.

102 2536 173 2587 th.
184 2541 204 2588 F
206 2544 246 2589 iue
256 2543 317 2592 anni
326 2543 453 2590 excessdre
464 2543 576 2606 insignes
585 2542 649 2600 viri,
661 2544 762 2591 Asinius
772 2541 882 2605 Agrippa
891 2575 897 2598 ,
906 2539 982 2591 clarit

71 2609 211 2670 majoribus
223 2615 298 2677 quiin
311 2615 429 2672 vetustis,
442 2613 543 2676 virique
560 2629 611 2660 non
624 2614 748 2678 degener3
766 2625 791 2662 et
803 2615 834 2676 Q.
845 2613 974 2673 Haterius,

72 2682 168 2730 familiai
185 2685 326 2741 senatorii,
342 2686 505 2747 eloquentiae,
527 2685 610 2746 quoad
625 2688 704 2748 vixit,
717 2687 847 2734 celebrate
863 2703 869 2732 ε
885 2701 974 2738 moust-

70 2770 155 2806 menta
166 2761 262 2824 ingenii
270 2760 323 2821 ejus
331 2758 399 2808 hand
409 2758 513 2825 perinde
520 2762 670 2810 retinentur.
678 2762 777 2810 Scilicet
787 2763 882 2827 impetu
892 2766 972 2830 msgis,

68 2832 144 2895 quim
155 2835 213 2882 curri
225 2833 324 2896 rigebat
333 2852 338 2881 :
347 2845 424 2896 utque
436 2832 545 2882 aliorum
555 2835 689 2884 meditatio
701 2847 725 2885 et
734 2836 805 2884 labor
814 2837 839 2883 iu
851 2847 972 2901 posterum
1030 2883 1031 2886 ,

68 2907 172 2956 valescit
183 2927 190 2972 3
206 2910 241 2956 aie
252 2907 351 2956 Haterii
362 2924 483 2956 canorum
496 2908 597 2958 illudet
608 2911 737 2976 profluens
742 2945 756 2973 ,q
765 2925 823 2962 cum
836 2909 891 2976 ipso
903 2909 971 2960 simul

69 2991 220 3029 exstinctum
232 2993 277 3031 est.
773 3032 775 3044 1

95 3051 970 3123 LXll'.M.Licinio,L.CalpurnioCoss.ingentiumbellorumclsdem

70 3131 177 3193 aquavit
189 3130 282 3178 malum
296 3128 480 3192 improvisum:
493 3128 547 3191 ejus
563 3131 664 3179 initium
677 3133 757 3198 simul*
765 3142 790 3179 et
802 3131 858 3178 finis
874 3133 967 3182 exstitit.

71 3203 137 3253 Nam
147 3216 229 3271 coepto
239 3204 306 3270 apud
314 3203 641 3268 Fidenarnarupbitlreutm,
651 3205 744 3256 Atilius
753 3204 856 3272 quidam
866 3205 968 3255 libertini
1030 3243 1031 3248 ,

71 3279 187 3340 generis,
203 3277 253 3342 qud
266 3277 440 3344 spectaculum
456 3275 626 3341 gladiatorum
646 3280 800 3340 celebraret,
820 3293 900 3341 neque
915 3278 965 3328 luu-

72 3348 188 3409 ‚damenta
207 3367 249 3418 per
266 3351 380 3418 solidum
394 3349 525 3412 subdidit,
546 3366 626 3418 oeque
644 3353 725 3406 firmis
744 3352 851 3404 noxibus
870 3351 964 3420 ligneam
