2100 3709
683 38 690 60 l

104 99 153 158 262
422 113 446 153 e.
465 83 561 152 co'nn.
580 111 693 158 eterrr

104 197 264 252 exterritum.
275 193 358 263 igilur
367 197 495 261 centurio,
507 199 552 247 ubi
561 197 650 262 effugia
662 197 729 246 ville
739 195 830 249 elausit
837 236 845 263 ,
857 199 926 266 iussa
939 186 1035 267 impe-i

104 274 196 325 ratoris
208 274 312 321 Ostorio
320 274 411 337 aperit.
418 273 442 322 Is
451 270 627 320 fortitudinem
635 270 770 322 adremm
779 273 864 323 hostes
875 273 942 340 saepe
950 291 1025 340 spec

99 359 184 396 -tatam
196 345 220 393 in
233 361 258 394 se
269 344 355 392 vertit.
371 343 405 392 Et
415 345 473 408 quia
488 361 574 400 venae,
588 361 733 410 quanquam
750 345 913 412 interruptae,
927 347 1026 413 pariam

104 417 233 484 sanguinis
244 415 422 482 effundebant,
436 415 560 467 hacteuus
575 434 650 466 manu
664 417 731 467 servi
746 434 820 477 usus,
834 419 1027 468 ut:immotum

103 484 241 560 pugio’nern
252 491 399 549 extolleret,
408 488 535 556 adpressit
543 489 657 540 dextram
668 490 721 553 ejus
731 528 738 549 ,
750 491 887 556 juguloque
895 488 1035 563 occurrin!

137 566 209 614 xvt.
225 563 343 613 Etiamsi
357 562 427 612 bella
441 576 561 627 externa,
574 575 600 612 et
611 564 692 612 obitas
708 581 756 630 pro
773 565 904 631 republicd
923 568 1035 615 mortes?

104 639 174 688 tanti
188 653 291 686 casuum
303 636 468 687 similitudine
484 653 653 686 memorarem
663 675 670 695 ,
680 654 772 703 meque
784 641 866 705 ipsum
879 641 957 690 satias
976 656 1034 693 ces

104 713 197 780 piacet,
214 711 370 775 aliorumque
388 709 491 759 taedium
510 721 694 776 exspectarem,
709 712 827 775 quamvis
843 711 971 762 honestos
982 708 1035 771 εἰσί

105 787 175 835 vium
187 784 283 842 exitus,
296 784 380 834 tristes
393 795 477 834 tamen
488 795 513 832 et
522 785 658 833 continuos
667 783 874 850 adspernantium
886 804 893 835 :
908 798 937 836 at
953 802 1034 835 nunc

104 857 227 924 patientia
237 858 348 916 seruilis,
361 868 510 922 tantumque
524 858 652 922 sanguinis
666 857 738 906 domi
748 857 893 924 perditum,
909 858 1034 924 fatigant¹

105 935 233 995 animum,
246 943 272 981 et
287 930 406 982 moestitid
418 932 586 998 restringunt.
603 933 692 999 Neque
704 933 780 982 aliam
799 933 977 984 defensionem
991 935 1024 984 ab

106 1007 152 1070 iis,
169 1006 261 1068 quihus
277 1007 324 1054 ista
341 1017 492 1062 noscentur,
514 1007 656 1070 exegerim,
678 1005 772 1071 qulam,
793 1015 828 1055 ne·
845 1005 949 1056 oderim
970 1020 1025 1057 tarn

106 1081 216 1145 segniter
225 1088 369 1144 pereuntes.
383 1079 423 1127 Ira
434 1078 477 1126 illa
487 1078 622 1145 numinum
633 1079 660 1128 in
671 1095 711 1128 rea
721 1081 848 1146 Romanas
862 1079 912 1130 tuit
922 1116 930 1142 ,
942 1098 1023 1146 quam

106 1170 157 1202 non
168 1189 174 1209 ,
187 1152 251 1200 utin
272 1151 390 1201 cladibus
399 1145 577 1209 exercituum,¹
589 1164 632 1201 aut
644 1154 792 1219 captivitate
806 1153 922 1215 urbium,
941 1155 1023 1207 semel

105 1225 197 1276 editam
212 1225 317 1275 transire
332 1226 399 1276 licet.
422 1225 501 1274 Detur
513 1225 562 1274 hoc
577 1225 716 1275 illustrium
730 1226 843 1274 virorum
855 1228 1021 1292 posteritati,

107 1313 147 1358 ut,
159 1297 287 1364 quomodo
297 1298 419 1363 ers'equiis
433 1295 601 1364 'apromiscud
614 1299 743 1364 sepulturi
756 1311 917 1366 separantur,
930 1303 982 1365 ita,
995 1305 1034 1353 in}

106 1373 241 1425 traditione
265 1385 456 1440 supremorum,
480 1373 607 1441 accipiant
628 1373 786 1438 habeantque
809 1375 939 1441 propriam
962 1386 1034 1426 me*

110 1449 228 1508 moriam.
259 1467 264 1480 r
286 1440 290 1446 ’

141 1519 226 1572 XVII.
237 1519 334 1570 Paucos
344 1521 437 1588 quippe
450 1519 515 1568 intra
526 1519 580 1568 dies
586 1555 593 1579 ,
602 1515 691 1566 eodem
700 1518 798 1582 agmine
807 1517 916 1568 Annene
925 1520 1017 1580 Mella,

106 1595 213 1644 Cerialis
222 1593 342 1650 Anicius,
355 1595 444 1642 Rufius
456 1591 601 1657 Crispinus,
614 1606 643 1637 ac
652 1591 788 1640 Petronius
797 1593 922 1643 cecidere.
936 1593 1017 1644 Mella

105 1669 280 1734 etCrispiuua,
292 1666 389 1731 equites
398 1667 522 1723 Romani,
534 1664 656 1729 dignitate
663 1666 805 1714 senatorii:
816 1684 873 1716 nam
884 1666 928 1716 hic
936 1685 1016 1732 quon·

50 1783 57 1790 .
105 1743 163 1792 dam
178 1741 307 1808 praelectus
321 1739 448 1805 pretorii,
466 1745 493 1788 et
503 1736 679 1788 consiiiaribus
691 1737 832 1801 insignibus
844 1740 974 1800 donatus,
990 1757 1017 1790 ac

103 1833 184 1881 nuper
197 1815 301 1863 crimine
313 1810 494 1874 conjurationis
509 1813 535 1859 in
544 1808 686 1859 Sardiniam
698 1817 816 1869 exactus,
828 1827 935 1879 accepto
945 1817 1015 1879 jussae
1033 1824 1035 1830 “

104 1889 195 1938 mortis
204 1887 310 1944 nuntio,
322 1895 403 1932 seruet
414 1882 547 1932 interfecit.
560 1882 654 1938 Melta,
666 1881 757 1944 quibua
770 1883 856 1934 Gallio
864 1898 890 1933 ct
902 1885 1013 1952 seneca,

103 1961 249 2030 perentibus
262 1971 350 2016 natus,
363 1957 491 2023 'petitione
508 1955 634 2004 honorum
649 1954 820 2021 abstinuerat,
832 1975 877 2025 per
887 1961 1016 2009 ambitio·
1033 2000 1034 2019 ,

102 2051 161 2084 nem
170 2043 357 2099 prepostetam,
367 2043 394 2080 ut
401 2049 477 2097 eques
485 2035 617 2082 Romanus
626 2031 802 2081 consularibus
809 2036 924 2098 potentii
932 2052 1017 2102 aequa·
1033 2040 1035 2135 p

102 2119 171 2156 retur
183 2124 188 2153 :
201 2104 278 2154 simul
291 2105 445 2170 acquirendae
456 2108 567 2173 pecunie
579 2106 681 2155 brevius
693 2107 741 2154 iter
754 2107 886 2172 credebat,
896 2126 944 2175 per
954 2127 1019 2176 pro·
1033 2137 1035 2151 r

61 2215 65 2222 κ
104 2180 245 2230 curationes
268 2177 475 2230 administrandis
503 2180 627 2248 principis
653 2182 768 2246 negotiis.
793 2180 867 2230 ldem
890 2183 1019 2234 Annaeum

102 2251 233 2303 Lucanum
243 2265 375 2318 genuerat,
386 2255 480 2320 grande
494 2254 668 2315 adjumentum
681 2253 857 2302 claritudinis:
869 2271 920 2318 quo
932 2258 1018 2304 inter-

103 2328 169 2378 iecto
179 2364 185 2386 ,
202 2328 262 2376 dnm
281 2327 502 2376 rem'iamiliarem
513 2327 574 2392 'ejus
594 2327 686 2374 acriter
702 2327 822 2390 requirit,
841 2341 1017 2378 accusatorem

103 2402 214 2454 conciuit
231 2403 334 2451 Fabium
349 2403 506 2463 Romanum,
524 2419 555 2450 ex
571 2401 668 2450 intimis
686 2401 782 2471 Lucani
796 2403 892 2450 amicis.
911 2403 1016 2452 «Mina

102 2479 167 2528 iuter·
176 2489 274 2545 patrem
287 2477 416 2541 liliumque
429 2476 612 2540 coniurationis
624 2475 731 2525 scientia
745 2474 882 2538 fingitur»,
895 2475 1013 2525 adsimu-

101 2554 158 2602 latis
169 2551 263 2601 Lucani
275 2549 367 2600 litteris
380 2568 386 2596 :
402 2567 463 2612 quas
480 2551 604 2616 inspectas
613 2548 685 2598 Nero
695 2546 776 2596 n'ferri
792 2546 912 2596 adeum»
925 2549 1011 2608 jussit,

103 2627 193 2693 opibus
202 2624 255 2684 ejus
267 2622 374 2670 inhians.
386 2620 421 2670 At
431 2623 522 2680 Mella,
534 2639 587 2685 qua
597 2633 652 2669 tum
662 2621 850 2687 promptissima
860 2623 949 2670 mortis
957 2624 1011 2682 via,

100 2698 207 2746 exsolvit
218 2706 309 2742 venas:
325 2697 425 2758 scriptis
438 2694 580 2752 codicillis,
591 2695 682 2758 quibus
698 2693 819 2758 grandem
834 2696 972 2757 pecuniam
984 2697 1009 2745 in

98 2771 261 2834 Tigellinum,
271 2783 441 2832 generumque
451 2768 504 2829 eius
514 2770 696 2816 Cossutianum
707 2767 856 2832 Capitonem
865 2801 872 2825 ‚
883 2771 1011 2831 erogabat,

100 2843 150 2908 qud
166 2853 246 2891 cetera
264 2839 527 2890 manerent.Additur
538 2839 678 2901 codicillis,
692 2841 810 2904 tauquam
821 2839 858 2886 'de
875 2841 1009 2905 iniquitate
1033 2886 1034 2893 ,

97 2917 169 2966 ,exitii
187 2931 293 2980 querens
304 2913 338 2963 ita
356 2915 511 2980 scripsisset,
531 2929 577 2961 «se
595 2911 699 2977 quidem
716 2913 872 2960 morinnllis
890 2915 1009 2980 supplicii

100 2990 196 3047 causis,
221 2987 320 3038 [lulium
340 3001 425 3036 tamen
446 2989 608 3054 Crispinum,
626 2997 652 3034 et
673 2987 794 3035 Anicium
814 2986 942 3034 Cerialem
960 2989 1008 3036 viti
1033 3040 1034 3051 ,

100 3065 163 3129 itui,
177 3063 290 3113 infensos
306 3063 454 3130 principia:
475 3079 529 3128 quae
541 3064 681 3127 composita
696 3060 880 3122 credebantur,
894 3060 924 3111 de
939 3063 1009 3111 Cris·
1033 3120 1034 3123 Ἰ

99 3144 175 3210 pino,
187 3142 244 3206 quia
258 3139 403 3190 interiectus
413 3149 483 3198 erat,
496 3137 528 3186 de
544 3137 656 3198 Ceriale,
671 3149 698 3186 ut
710 3138 895 3184 interficeretur
908 3153 914 3186 ε
928 3153 1005 3202 neque

101 3219 168 3266 enim
184 3216 266 3264 multb
277 3215 335 3282 pdst
351 3216 403 3264 vim
419 3213 471 3261 sibi
487 3213 589 3272 attulit,
600 3215 699 3262 minore
716 3211 791 3275 quim
810 3210 888 3258 ceteri
904 3212 1007 3260 misera·

101 3290 179 3348 tione,
189 3291 247 3356 qnia
255 3291 381 3355 proditam
393 3289 422 3338 C.
430 3289 522 3336 Caesari
531 3287 732 3352 conjurationem
745 3284 777 3331 ab
787 3281 818 3331 eo
829 3283 1003 3332 meminerant.

135 3362 234 3416 xvtu.
243 3365 284 3416 -De
296 3365 323 3417 C.
340 3363 461 3418 Petronio
472 3377 552 3432 pauca
568 3358 644 3428 supra
655 3355 791 3429 repetenda
810 3367 879 3412 suist·
894 3355 959 3410 Nam
973 3355 1007 3408 illi
1033 3414 1034 3423 ,
