2100 3709
120 57 212 114 4³2·
284 64 288 75 '
441 69 713 109 accensiores
782 49 788 58 ’

123 155 207 210 tituit,
219 152 325 204 modicis
341 152 407 204 inter
425 169 451 202 se
470 154 556 220 spatiis
574 152 705 202 discretos.
716 151 786 202 Tum
802 149 962 220 Vitelliani,
1020 188 1024 201 .

125 229 194 296 apud
204 231 315 279 Bovillas
327 231 353 278 in
365 227 524 277 deditionem
541 239 659 294 acceptos
673 229 886 288 memoravimus,
906 235 1028 296 ceteriqn

123 327 171 377 per
179 311 285 369 urbem,
297 323 323 358 et
335 311 392 358 urbi
404 310 486 360 vicina
499 307 653 374 conquisiti,
665 307 841 375 producuntur
851 312 936 378 prope
946 312 1028 362 intecti

122 400 241 451 corpore·
250 388 307 437 Eos
316 384 447 432 Mucianus
455 400 470 431 c
479 380 579 441 diduci,
589 377 615 430 et
622 381 804 432 Germanicum
810 385 1029 449 Britannicumqn

125 459 356 523 militem,acsiqui
365 458 473 507 aliorum
482 459 649 526 exercituum,
659 457 795 523 separatim
802 457 929 508 adsistere
936 477 953 508 n
964 461 1028 523 iubet.

124 535 188 585 Illos
200 535 296 600 primus
312 529 397 581 statim
409 531 545 598 adspectus
557 529 776 598 obstupefecerat,
792 547 873 596 quum
888 549 922 582 ex
943 533 1028 581 diverso

125 606 199 658 reldt
208 608 299 666 eciem,
314 605 370 655 telis
384 617 410 654 et
422 609 497 655 armis
506 620 605 656 trucem
615 643 623 666 ,
632 616 713 654 semet
725 605 840 665 clausos,
851 604 990 670 nudosque
999 615 1027 662 ,et

125 682 213 730 illuvie
225 678 350 729 deformes
366 672 535 746 adspicerent.
547 681 584 730 Ur
594 678 655 730 verb
666 678 717 728 huo
733 679 796 728 illuc
805 679 916 748 distrahi
926 680 1026 746 coepere,

125 767 210 804 metus
219 769 264 820 per
272 767 374 816 omnes,
394 764 421 802 et
433 745 560 822 precipue
569 754 717 804 Germanici
728 752 818 802 militis
835 752 969 814 formido,
986 763 1030 800 ten-1

124 845 201 895 quam
212 827 240 876 esi
249 827 405 891 separatione
419 825 452 874 ad
462 827 557 878 cedem
568 826 755 876 destinarentur
769 841 907 893 :prensare
921 841 1026 876 comma-

37 944 42 955 .
57 938 61 952 ι
125 902 277 968 nipularium
289 911 406 966 pectora,
417 901 559 951 cervicibus
574 904 685 958 innecti,
701 917 817 968 supreme
828 901 920 950 oscula
936 913 1026 966 petere,

126 993 142 1024 o
155 991 186 1022 ne
197 973 372 1022 desererentur
379 973 440 1032 soli,
449 990 500 1023 neu
510 975 538 1024 in
549 975 605 1042 pari
618 975 692 1026 causb
704 975 831 1042 disparem
844 973 978 1023 fortunam
993 989 1027 1038 pa·

125 1058 278 1097 terentnrn:
293 1043 372 1095 modd
384 1044 551 1115 Mucianum,
564 1047 643 1100 modb
656 1049 787 1100 absentem
798 1047 966 1115 principem,
980 1063 1026 1113 pos·

126 1118 237 1170 tremirm
252 1120 347 1169 coelum
364 1136 393 1169 ac
411 1120 473 1173 deos
491 1123 615 1174 obtestari
631 1142 638 1172 z
654 1123 735 1174 donec
750 1121 901 1183 Mucianus,
913 1133 1026 1172 «cunctor

124 1193 240 1260 ejusdem
258 1196 425 1255 sacramenti,
444 1196 559 1262 ejusdem
572 1199 736 1266 imperatoris
755 1197 876 1246 milites»
896 1195 1025 1266 appellatur

124 1263 189 1318 lalso
200 1268 289 1319 timori
302 1269 403 1320 obviam
416 1270 474 1319 iret.
484 1269 602 1336 Namque
614 1284 640 1325 et
648 1272 731 1321 vietor
743 1270 867 1320 exereitus
875 1270 990 1318 clamore
999 1268 1026 1316 lr-

126 1358 226 1410 crymas
241 1357 328 1391 eorum
346 1342 456 1407 jurabat.
474 1342 549 1409 Isque
562 1345 619 1394 linis
636 1345 681 1396 illb
694 1344 742 1392 die.
755 1343 847 1392 Paucis
858 1339 921 1408 pbst
936 1341 1026 1396 diebus,

125 1416 298 1479 alloquentem
309 1415 485 1469 Domitianum
493 1419 586 1469 firmati
596 1417 646 1480 jam
660 1417 787 1485 excepere.
800 1417 929 1482 spernunt
943 1415 1027 1464 oblator

126 1505 217 1554 egros3
235 1487 378 1539 omilitiam
391 1501 417 1538 et
429 1491 577 1561 stipendieq
589 1502 672 1540 orant.
682 1492 773 1540 Preces
784 1501 872 1546 erant,
887 1489 935 1538 sed
950 1489 1027 1554 quibus

126 1563 267 1612 'contradici
276 1579 329 1612 non
339 1578 439 1632 posset:
451 1567 525 1631 igitur
539 1565 567 1612 in
577 1566 726 1632 pretorium
736 1566 843 1631 accepti.
854 1565 937 1628 Dein,
950 1563 1007 1628 quib

127 1643 186 1685 istas
203 1641 231 1686 et
252 1635 317 1700 justa
336 1638 476 1702 stipendio,
489 1637 591 1687 dimissi
607 1654 665 1688 oum
682 1637 800 1689 honore:
816 1637 859 1686 alii
878 1637 910 1688 ob
923 1639 1028 1704 culpam*

126 1709 172 1760 sed
184 1710 304 1777 carptim,
317 1725 346 1759 ee
355 1713 447 1777 singuli
465 1729 472 1760 ε
488 1728 539 1778 quo
551 1713 678 1762 tutissimo
690 1713 807 1763 remedio
818 1728 957 1765 consensus
970 1712 1020 1761 mul

127 1781 244 1832 titudinis
253 1793 413 1831 extenuetur.

160 1851 268 1902 XLVII.
284 1853 405 1904 Ceterbm
414 1855 505 1905 verine
514 1858 647 1922 pauperie,
659 1874 691 1906 an
704 1859 744 1908 uti
753 1857 898 1920 rideretur,
911 1869 999 1906 actum
1011 1858 1017 1904 i

127 1933 224 1981 senatu,
236 1928 581 1984 ‹rutsexcentiessestertium
590 1927 604 1977 b
612 1932 719 1995 privatis
729 1932 1023 1998 mutuumsccipereturt

127 1993 362 2062 Praeposituequeei
374 2016 440 2048 curae
450 1999 575 2068 Poppaeus
587 2003 705 2054 Silvanus
718 2022 724 2055 r
737 2021 783 2053 nec
792 2005 875 2053 multi)
884 2003 944 2070 prist
954 2021 1010 2054 nece

126 2068 188 2117 sitas
200 2068 277 2133 abiit,
293 2071 346 2120 sive
366 2075 460 2124 omissa
472 2077 611 2127 simulatio.
623 2077 744 2144 Abrogati
755 2078 827 2137 inde,
844 2077 929 2142 legem
944 2077 1026 2126 serente

126 2141 287 2207 Domitiano,
297 2150 443 2200 consulatus
453 2187 460 2208 ,
471 2168 535 2216 quos
546 2151 666 2203 Vitellius
674 2153 787 2212 dederat.
799 2153 940 2216 Funusque
954 2168 1026 2204 censo

125 2215 193 2269 rium
210 2218 297 2268 Flavio
313 2223 406 2292 Sabino
420 2225 543 2276 ductum:
562 2243 653 2292 magna
670 2225 821 2276 documenta
836 2225 965 2277 instabilis
984 2227 1028 2276 sor·

127 2300 208 2348 tm,
224 2305 373 2358 Summaque
383 2309 408 2346 et
418 2297 468 2348 ima
479 2300 619 2349 miscentis.

158 2363 281 2418 vattt.
292 2369 343 2420 Sub
354 2372 422 2423 idem
439 2387 539 2442 tempus
552 2375 583 2425 L.
595 2376 655 2424 Piso
672 2374 808 2442 proconsul
825 2373 993 2427 interficitur:
1006 2392 1028 2424 ea

127 2437 160 2487 de
174 2439 240 2488 caede
256 2443 332 2507 quim
347 2447 477 2497 verissime
493 2449 640 2514 expediam,
661 2450 683 2498 si
698 2465 778 2516 pauca
792 2447 867 2514 suprb
878 2452 989 2515 petiero,
1003 2467 1014 2497 a

86 2553 90 2560 .
127 2513 201 2562 initio
218 2519 350 2584 causisque
367 2523 456 2571 talium
471 2522 611 2574 facinorum
623 2539 675 2574 non
686 2521 802 2572 absurda.
819 2523 898 2588 Legio
912 2526 937 2574 in
951 2523 1030 2584 Africi

127 2587 268 2653 auxiliaque
279 2627 286 2647 ‚
296 2593 407 2642 tutandis
420 2595 521 2662 imperii
529 2593 637 2656 finibus,
650 2595 696 2646 sub
710 2595 770 2643 diro
781 2595 898 2660 Augusto
916 2587 1030 2658 Tiberio-³

127 2675 176 2723 que
191 2663 365 2729 principibus,
376 2667 520 2734 proconsuli
537 2669 668 2734 parebant.
685 2667 747 2718 blox
759 2669 788 2718 C.
806 2669 907 2734 Cesar,
920 2671 1027 2720 turbidus

49 2735 66 2766 Ἀ
126 2734 222 2792 animi,
236 2751 265 2783 ac
276 2737 314 2787 M.
330 2739 459 2801 Silanum,
475 2741 633 2790 obtinentem
644 2741 769 2805 Africam,
781 2753 915 2805 metuens,
926 2746 1027 2795 ablatam

126 2810 272 2869 proconsuli
281 2811 407 2876 legionem
416 2853 422 2874 ,
432 2814 510 2864 misso
520 2816 546 2863 in
561 2830 617 2863 earn
627 2831 682 2863 rem
695 2815 780 2880 legato
792 2814 898 2865 tradidit
909 2836 915 2866 :
927 2834 1020 2884 equam

126 2878 194 2926 inter
203 2878 267 2928 duos
275 2884 457 2938 beneficiorum
467 2904 587 2937 numerus
596 2924 603 2948 ‚
613 2899 639 2936 et
650 2887 737 2937 mixtis
747 2891 876 2954 utriusque
891 2894 1015 2942 mendatis

127 2949 254 3001 discordia
264 2959 380 3024 quesita,
391 2955 512 3026 auctaque
521 2979 600 3028 pravo
611 2963 757 3012 certamine.
767 2965 918 3030 Legatorum
927 2967 966 3030 jus
974 2967 1018 3016 ado

69 3099 73 3102 Δ
127 3024 207 3088 levit,
227 3024 394 3083 diuturnitate
412 3035 500 3093 officii,
521 3036 563 3083 vel
576 3039 634 3100 qnia
651 3035 794 3088 minorihus
807 3039 889 3102 major
902 3042 1030 3090 aemulandi

127 3114 204 3185 cura:
225 3108 405 3168 proconsulum
422 3108 645 3177 splendidissimus
661 3109 782 3176 quisque,
795 3113 926 3162 securitati
938 3091 1030 3182 magisi

128 3186 204 3236 qoem
217 3177 335 3239 potentie
352 3181 528 3230 consulebant.
542 3231 544 3234 ,

86 3244 87 3251 ’
159 3243 256 3296 XLIX.
273 3250 322 3307 Sed
338 3264 394 3302 turn
405 3257 530 3321 legionem
547 3257 573 3305 in
588 3255 672 3307 Airicri
683 3258 785 3324 regebat
796 3257 914 3310 Valerius
928 3243 1030 3326 Festus,1

128 3325 281 3400 '¹¹¹¹‘Ptuosre
290 3323 566 3398 adouoeentaemeque
573 3329 673 3382 modios
680 3331 797 3400 cupiens,
808 3333 852 3383 sed
860 3334 979 3387 affinitate
988 3339 1024 3388 Vi·
