2100 3709
292 106 474 150 ΑΙΝᾸΗῊΙ
497 113 566 153 tu.
594 116 648 155 111.
890 129 923 185 71

40 184 103 238 XV.
111 186 212 239 Eadem
223 185 352 239 Hancine
361 190 465 253 invidia,
478 196 560 258 major
572 198 668 263 gratia:
681 196 761 267 adque
775 206 922 274 ambiguum

15 258 155 311 habebatur
172 260 297 327 qaaautirtu
316 264 408 312 cesari
422 266 447 317 iu
464 282 519 316 eam
536 268 624 324 liceret
639 284 733 339 :etque
752 278 823 343 ipae,
843 281 925 333 donee

13 338 93 387 mediae
105 334 197 387 Pisoni
214 348 271 405 spes
283 375 287 387 .
308 358 323 389 ιι
331 341 425 391 sociam
443 356 469 391 ss
480 345 660 413 cujumumque
672 350 791 415 fortune,
801 368 841 413 et,
856 360 877 407 si
889 362 925 412 tu

14 412 101 471 latret,
109 415 236 465 comitem
244 416 335 465 exitiis
345 396 518 483 prdmitteltat.
530 422 565 470 Ut
574 426 802 491 seeretisAugustae
808 430 924 496 precibus

13 487 109 534 reniam
128 487 259 548 obtinuit,
278 490 546 561 paulatimsegregari
557 495 571 545 ia
582 500 688 557 marito,
704 500 822 551 dividere
838 502 940 553 defen-⁸

15 557 107 609 aionem
123 564 205 627 coepit
220 581 226 611 ι
242 563 312 628 quod
321 580 380 615 reus
393 576 528 633 postquam
541 569 589 618 sibi
601 573 729 623 exitiabile
744 575 879 641 intelligit,
892 594 925 628 eu

1 694 2 699 1
20 630 267 700 adbuoexper'ttbtur
281 636 420 708 dimitam,
437 638 598 693 hortantibus
611 647 685 710 filiis,
702 646 779 698 durat
795 664 924 711 mentem,

16 718 178 771 senatumque
189 708 287 773 rotatim
295 712 441 778 ingreditur
449 730 454 762 ι
462 714 709 787 redintegratamque
720 724 925 785 accusationem,

16 778 117 829 iuleuses
128 792 232 847 patrum
248 800 338 843 voces,
355 784 458 835 adversa
470 798 497 837 et
508 806 572 840 ateva
582 806 671 843 cuneta
686 811 837 862 perpessus,
852 798 925 849 nullo

15 854 84 917 magis
94 856 232 905 exterritus
245 869 283 907 est
294 898 298 917 ‚
311 859 386 925 qubus
399 860 468 927 qnbd
479 862 608 915 Tiberium
617 870 672 917 sine
682 870 858 935 miseratione,
869 871 923 921 siue

13 924 43 972 iri
51 964 56 982 ‚
65 928 233 981 obstinatum.
245 931 408 1000 clausumque
415 934 489 991 uidit,
499 954 531 987 ne
538 956 588 1005 quo
595 938 696 991 adfectu
702 954 922 1008 perrumperetur.

16 999 109 1051 Relatus
118 1001 226 1053 domum
235 1040 242 1061 ‚
254 1014 373 1071 tanquam
384 1008 555 1060 defensionem
566 1014 731 1081 inposterum
741 1014 920 1077 meditaretur,

16 1087 84 1137 paura
95 1078 250 1141 conscribit,
264 1080 445 1148 obsignatque,
463 1095 488 1133 et
498 1085 593 1135 liberto
607 1088 693 1142 tradat.
705 1090 773 1139 Tum
790 1090 864 1139 solita
875 1107 922 1139 cu·

16 1147 84 1195 rande
102 1154 208 1216 corpori
224 1158 371 1219 exsequitur
387 1174 393 1203 z
408 1157 464 1207 dein
482 1162 596 1210 multam>
606 1174 666 1229 post
682 1176 785 1212 noctem
794 1201 804 1226 ,
822 1160 922 1228 egressh

17 1220 123 1270 eubiculo
140 1240 237 1288 uxore,
258 1231 361 1297 operiri
369 1228 444 1293 fores
462 1230 551 1297 jussit3
571 1245 597 1282 et
614 1236 695 1303 coepti
711 1236 784 1297 lure,
803 1233 937 1307 perfosso,

16 1289 104 1357 jugulo,
119 1294 219 1360 jubente
235 1298 306 1348 humi
318 1300 418 1363 gladio,
430 1314 605 1367 repertumst.
634 1310 640 1318 '
888 1315 891 1321 '

42 1366 111 1417 XVI.
130 1370 232 1421 Audire
247 1389 288 1422 me
307 1374 412 1422 memini
433 1390 466 1421 ex
484 1376 637 1439 senioribus,
651 1378 736 1429 risum
754 1380 843 1444 sepihs
855 1382 922 1432 lutor

18 1452 93 1491 manue
104 1442 210 1493 Pisonis
224 1446 342 1494 libellum
354 1482 360 1507 ‚
377 1462 454 1510 quem
465 1447 519 1511 ipse
532 1464 583 1495 uon
593 1450 751 1514 vulgat-erin
769 1452 814 1499 sed
825 1456 920 1505 amieos

17 1513 60 1573 ejus
70 1514 248 1577 dictitavisse,
265 1538 282 1590 ¹u
293 1519 390 1568 litteras
405 1516 503 1568 Tiberii
521 1531 548 1569 et
566 1521 686 1571 mandata
699 1525 725 1571 iu
741 1524 922 1577 Germanicum

18 1591 151 1641 continere:
170 1608 200 1641 ae
216 1592 372 1641 destinatum
389 1606 508 1659 promere
528 1595 596 1659 apud
613 1608 713 1661 patres,
731 1596 922 1665 principemque

18 1678 125 1729 arguere.
141 1668 169 1713 ui
189 1666 299 1715 elususir
315 1666 404 1727 Seiano
415 1680 459 1731 per
472 1682 536 1715 vana
548 1671 673 1734 promissa
692 1668 757 1721 forst
770 1673 921 1725 :nobilium

18 1752 94 1803 sponte
107 1740 262 1790 exstinctum
273 1777 280 1799 ,
292 1737 384 1807 verbm
400 1741 515 1790 immisso
527 1760 699 1808 percussores
713 1762 719 1793 ε
732 1763 842 1811 quorum
852 1766 920 1798 neu-

17 1822 74 1862 trum
85 1814 305 1863 adseveraverime
321 1830 403 1878 neque
418 1825 503 1865 tamen
521 1819 637 1867 occulere
651 1819 728 1869 debui
744 1833 872 1871 rrerrstum
886 1824 918 1876 ab

18 1882 43 1933 iis
52 1922 57 1943 ‚
67 1888 110 1951 qui
119 1898 235 1935 nostram
246 1888 277 1937 ad
293 1888 422 1949 iuuentam
435 1889 601 1942 duraverunt.
615 1894 712 1957 Caesar,
723 1886 794 1945 dexo
810 1896 835 1943 iu
846 1911 919 1946 moes·

19 1960 90 2009 titiam
103 1977 162 2016 ore.
173 1978 189 2010 u
196 1978 265 2010 suam
275 1960 398 2011 invidiam
409 1964 455 2011 tali
465 1977 548 2015 morte
557 1968 707 2031 quesitam»
718 1968 788 2035 apbd
799 1982 918 2022 senatum

19 2035 149 2101 crebrisque
164 2036 408 2101 interrogationibus
424 2039 550 2103 exquirit,
569 2044 690 2105 aqualem
705 2045 766 2093 Piso
783 2040 859 2092 diem'
869 2062 913 2094 su-

19 2122 125 2171 premum
135 2144 141 2167 ,
152 2120 303 2173 noctemque
317 2110 441 2173 exegisset
449 2124 473 2159 a.
489 2112 572 2176 Atque
588 2113 631 2162 illo
643 2116 764 2179 pleraque
776 2117 916 2181 sapienter,

19 2181 121 2243 quedem
131 2182 299 2231 inconsultius
311 2181 498 2247 respondente,
513 2186 604 2236 recitat
622 2186 752 2235 codi‘oillos
764 2188 779 2236 h
789 2188 881 2238 Pisone
890 2191 917 2239 iu

20 2251 77 2303 hunc
91 2254 168 2304 ferme
187 2256 292 2309 modum
308 2258 484 2327 compositos:
505 2258 721 2326 uCouspitatione
738 2262 917 2331 inimieorum,
968 2308 972 2316 ,

21 2336 40 2375 et
47 2326 138 2375 insidii
147 2328 203 2379 falsi
217 2331 331 2379 oriminis
342 2348 492 2397 oppressus,
507 2332 745 2395 quatenusreritati
759 2343 786 2385 et
798 2338 918 2388 iunocen-

19 2398 53 2444 ιιι
65 2390 123 2447 ιιιιι
136 2418 260 2467 nusquam
271 2404 341 2450 loous
350 2416 404 2464 eat;
419 2402 480 2451 deos
495 2405 653 2451 immortales
665 2407 744 2454 testor
754 2408 847 2454 vixisse
860 2426 901 2457 me
908 2447 916 2470 ,

20 2466 105 2531 cesar,
115 2488 170 2523 oum
180 2473 228 2522 fide
236 2472 373 2521 adversum
383 2482 407 2520 te
416 2510 421 2522 .
431 2489 512 2537 neque
521 2472 569 2519 atta
580 2474 605 2519 in
617 2487 725 2523 matrem
732 2487 801 2521 tuam
809 2478 915 2548 pietate:

21 2556 105 2608 totque
114 2564 159 2597 oro
167 2536 256 2600 liberis
265 2548 329 2596 meis
339 2546 481 2596 consulatis
491 2563 497 2595 τ
508 2544 642 2609 exquibus
652 2548 700 2596 Cn.
712 2547 772 2596 Piso
781 2549 919 2611 quatietur

20 2631 61 2679 que
71 2616 173 2671 fortunae
185 2639 245 2671 meo
259 2638 310 2671 uon
325 2634 362 2671 est
374 2620 507 2684 adjunctus
517 2656 523 2676 ,
533 2636 612 2684 quum
627 2637 702 2671 omne
717 2620 766 2671 hoc
779 2632 877 2689 tempus
890 2626 917 2677 iu

21 2690 75 2739 urbe
86 2696 161 2759 egerit
172 2714 178 2743 :
190 2696 226 2745 Μ.
240 2694 299 2744 Piso
311 2706 425 2761 repetere
434 2695 537 2763 Syriam
549 2692 697 2746 dehortatus
708 2708 747 2745 est
758 2715 764 2745 :
778 2710 852 2763 atque
862 2692 916 2750 urii

21 2778 70 2815 mm
81 2783 125 2832 ego
134 2768 217 2835 potius
229 2770 283 2819 fflio
295 2768 380 2831 juveni
386 2806 394 2829 ,
405 2768 480 2832 quim
494 2768 537 2816 ille
546 2772 610 2834 patri
621 2771 675 2818 seui
685 2770 815 2821 cessisset!
829 2776 858 2822 ιὸ
867 2777 915 2824 im-
983 2789 992 2824 ι

1 2866 3 2879 .
22 2838 111 2901 pensilis
118 2836 221 2906 precor,
233 2859 264 2891 ue
273 2858 335 2891 meae
344 2842 475 2907 pravitatis
483 2856 568 2907 poenas
580 2842 699 2893 innoxius
708 2844 772 2893 luet.
782 2846 831 2895 Per
841 2850 915 2911 quina

22 2926 62 2973 que
70 2924 94 2961 ιι
102 2914 264 2981 quadraginta
276 2928 400 2963 annorum
413 2912 579 2979 obsequium,
592 2929 638 2979 per
650 2915 786 2981 collegium
796 2923 914 2971 cousula-

24 2991 65 3047 ttis.
76 2997 198 3059 quondam
209 2997 268 3047 divo
280 2997 392 3063 Augusto
402 2996 502 3063 parenti
513 3008 557 3046 tuo
566 2998 702 3063 probatus,
713 3011 741 3047 et
750 3000 797 3047 tibi
806 3005 925 3068 amicat„

25 3070 202 3135 necquidquam
214 3084 271 3137 post
281 3070 334 3121 haeo
343 3080 491 3137 rogaturus,
503 3072 611 3120 salutem
631 3073 738 3123 infelicis
754 3072 800 3124 filii
814 3091 910 3142 rogor.

26 3139 175 3192 DePlaueiuh
186 3142 364 3193 nihiladditlit.
912 3209 915 3213 A

53 3208 127 3260 XVIL
146 3212 207 3260 Post
223 3228 275 3275 quae
290 3208 407 3260 Tiberius
423 3208 609 3269 adolescentem
628 3210 736 3259 erimine
753 3211 834 3260 civilis
847 3211 913 3263 belli

27 3283 141 3347 purgavit:
155 3288 253 3349 epatris
266 3285 359 3351 quippe
370 3283 451 3349 jussa,
463 3300 511 3334 neo
520 3282 633 3351 potuisse
643 3284 724 3331 lilium
738 3283 911 3345 detrectare),

29 3350 91 3403 simul
100 3356 281 3409 «nobilitatem
292 3354 384 3406 domtlt
390 3390 400 3423 ,
412 3356 489 3410 etiam
500 3356 594 3424 ipsius,
608 3371 711 3422 quoquo
722 3351 800 3401 modo
809 3354 910 3426 metiti,
