2100 3709
243 53 628 97 exercitatissimam.
844 49 896 105 451
945 69 946 78 ¹

10 154 57 188 rem
68 149 170 206 caperet
179 139 314 190 Helvidius
324 177 331 203 ,
342 156 416 207 posse
426 142 503 190 etiam
512 141 660 190 Marcellum
673 143 806 206 prosterni.
819 143 901 209 Igitur

10 215 85 264 laude
96 215 246 263 ctuvttttufi
254 230 339 273 orsus,
349 215 391 278 qui
400 214 505 280 perinde
515 215 601 274 dives,
617 225 642 262 et
650 215 796 281 eloquentiis
805 219 901 277 clarus,

10 291 53 338 ulli
64 304 180 354 unquam
194 289 241 337 sub
252 288 353 337 Nerone
370 290 514 352 periculum
528 287 683 348 lacessisset,
699 289 807 338 crimine
825 292 902 342 simul

10 365 155 428 temploque
173 363 280 429 Eprium
302 363 418 427 urgebat,
437 363 582 412 ardentibus
597 373 697 428 patrum
710 363 810 412 animis.
826 364 904 428 Quod

10 439 29 484 ri
49 437 128 485 sensit
145 433 296 491 Marcellus,
315 434 387 482 velut
406 434 532 483 excedens
547 436 616 484 curia
632 445 639 482 τ’
657 437 769 485 uImusr
780 471 788 495 ,
801 434 883 500 inquit
893 473 902 497 ,

14 507 118 565 Prisce,
136 519 162 556 et
178 502 344 573 relinqdimue
365 509 410 557 tibi
428 503 543 557 senatum
566 520 655 558 tuum:
671 525 758 574 regna.
779 523 902 576 praesente

11 597 85 629 cesare
92 599 117 629 n.
129 581 286 644 Sequebatur
293 581 384 632 Vibius
391 582 508 647 Crispus,
517 583 591 630 ambo
598 581 698 641 infensi,
706 582 778 631 vultu
788 581 902 652 direrso5

10 651 130 702 larcellus
147 654 289 703 minacibus
313 655 412 712 oculis,
429 655 532 720 Crispus
549 656 682 720 renidens3
701 653 782 702 donec
798 672 913 716 accursu,

10 729 134 778 micorum
147 727 346 778 retraherentur.
367 729 452 789 Quum
464 730 584 796 glisceret
599 741 739 792 certamen,
757 729 815 780 binc
830 731 906 782 multi

10 802 106 865 cuique
116 838 123 861 ,
139 801 197 848 inde
207 803 280 866 pauci
293 812 319 849 et
329 801 406 850 validi
416 802 588 867 pertinacibus
599 802 664 852 odiis
677 801 808 852 tenderent
819 841 826 863 ,
839 821 905 854 con-

10 887 106 939 rmptus
117 890 162 940 per
172 873 325 923 discordiam
334 874 397 924 dies.

21 945 118 999 XLIV.
130 947 248 996 Proximo
258 959 361 1005 senatu,
372 945 508 998 inchoante
519 947 630 1008 Caesare,
647 946 703 999 ude
714 949 840 1000 abolendo
852 948 904 999 do·

10 1035 46 1069 tre
66 1021 152 1086 iraque
161 1056 168 1078 ,
177 1031 204 1067 et
211 1019 328 1085 priorum
335 1030 481 1084 temporum
494 1020 720 1082 necessitatibus»,
732 1023 830 1081 censuit
840 1023 905 1072 Mu-

10 1093 80 1142 ianue
92 1093 191 1161 prolixe
205 1109 251 1158 pro
266 1091 471 1139 accusatoribus:
484 1091 562 1140 simul
576 1107 633 1152 eos,
652 1096 697 1158 qui
711 1109 833 1162 coeptam,
846 1097 906 1146 dein
965 1117 969 1121 ·

11 1170 113 1218 missam
129 1168 255 1216 actionem
275 1176 438 1232 repeterent,
454 1165 554 1214 monuit
571 1181 686 1216 sermone
702 1170 792 1234 molli,
805 1183 830 1219 et
848 1182 908 1219 tan·

10 1259 68 1307 uam
84 1251 194 1306 rogaret.
212 1236 301 1288 Patres
316 1249 449 1305 coeptatam
468 1238 631 1296 libertatem,
650 1251 786 1305 postquam
805 1243 907 1292 obviam

10 1331 71 1374 um,
87 1313 207 1362 omisere.
222 1313 371 1368 Mucianus,
386 1327 418 1360 ne
429 1310 514 1376 sperni
525 1309 626 1358 senatds
640 1309 761 1374 judicium
774 1353 781 1377 ‚
794 1325 818 1362 et
829 1330 910 1362 cunc·
928 1365 932 1368 ,

10 1392 24 1438 is
38 1389 84 1436 sub
99 1386 201 1436 Nerone
213 1386 328 1434 admissis
340 1384 396 1432 data
410 1382 548 1449 impunitas
560 1381 702 1442 rideretur,
716 1385 850 1434 Octavium
860 1387 909 1436 Sa-

11 1461 99 1524 ltum,
118 1470 144 1508 et
155 1459 295 1508 Antistium
305 1457 454 1520 Sosianum,
467 1455 586 1509 senatorii
599 1455 705 1520 ordipis,
716 1473 828 1524 egressos
842 1457 910 1508 exsi-

10 1536 73 1593 ium,
87 1536 115 1583 in
131 1533 231 1583 eaedem
246 1532 339 1581 insulas
350 1530 460 1596 redegit,
472 1523 594 1581 Octavius
605 1531 723 1580 Pontiam
738 1532 910 1592 Postumiam,

11 1622 83 1675 tupro
103 1607 243 1672 cognitam,
257 1612 287 1655 'et
301 1606 401 1672 nuptias
415 1621 471 1654 suas
483 1604 655 1676 abnuentem,
673 1605 800 1671 impotens
818 1607 913 1656 amoris

10 1684 158 1732 ntersecerat
171 1698 177 1728 :
196 1679 314 1728 Sosianus
326 1679 452 1746 pravitate
467 1691 567 1726 morum
588 1678 676 1727 multis
686 1680 816 1729 exitiosus.
829 1678 914 1730 Ambo

10 1757 66 1812 :tavi
82 1755 302 1804 senatusconsulto
321 1753 433 1803 damnati
451 1753 580 1819 pulsique,
592 1754 706 1818 quamvis
723 1755 915 1804 concarnatus

11 1831 97 1890 editu,
111 1829 138 1879 in
150 1827 238 1877 eidem
254 1827 329 1894 poeni
344 1827 437 1877 retenti
456 1823 524 1874 sunt.
539 1825 594 1876 Nec
613 1825 670 1876 ideo
686 1829 763 1878 lenita
781 1845 838 1896 erga
856 1829 916 1878 Mu·

10 1911 99 1976 alanum
114 1906 219 1957 invidia.
238 1908 338 1977 Quippe
357 1907 476 1955 Sosianus
490 1921 520 1954 ac
536 1899 630 1970 Sagun
648 1907 725 1966 viles,
745 1908 821 1958 etiarn
838 1909 858 1957 ei
870 1924 916 1958 re-

10 1994 179 2032 terrerentur:
201 1989 375 2044 accusatorum
391 1979 508 2042 ingenia,
530 1989 555 2026 et
576 1995 652 2044 opes,
671 1993 697 2030 et
715 1981 825 2030 exercita
845 1981 919 2032 malis

10 2057 95 2104 utibus
111 2053 224 2121 potentia
237 2051 402 2099 timebantur.
561 2050 562 2054 ’
900 2113 903 2116 ¹

32 2129 117 2178 XLV.
134 2124 319 2176 Reconciliavit
331 2122 459 2188 paulisper
471 2119 553 2170 studia
566 2131 668 2187 patrum
679 2118 765 2171 habita
782 2126 809 2172 in
828 2138 916 2178 senatu

10 2201 128 2266 cognitio,
139 2195 280 2248 secundnm
291 2207 401 2245 veterem
410 2211 519 2244 morem.
528 2193 640 2244 Manlius
648 2195 792 2259 Patruitus,
807 2211 920 2264 senator,

10 2275 159 2340 spulsatum
173 2288 200 2320 ee
216 2272 244 2320 in
255 2269 355 2319 colonia
371 2269 499 2329 Seniensi,
513 2279 580 2317 coetu
593 2267 781 2336 multitudinis,
805 2283 831 2320 et
848 2273 918 2334 jussu

10 2349 198 2412 nagistratuum
208 2361 222 2393 n
232 2343 402 2409 ,querebatur
413 2361 419 2392 ε
445 2361 515 2393 onec
531 2343 606 2391 linem
623 2341 719 2406 iujuriae
740 2341 787 2392 blc‘
798 2347 916 2400 stetisse:

10 2423 150 2476 sinuatum,
163 2429 189 2468 et
207 2419 333 2477 lamenta,
349 2428 375 2465 et
393 2431 569 2483 supremorum
583 2415 718 2480 imaginem
733 2418 849 2481 prasenti
867 2416 917 2466 sibi

10 2482 176 2550 circumdata,
188 2507 247 2540 cum
266 2488 427 2540 contumeliis
447 2500 472 2537 et
488 2489 589 2556 probris
599 2504 678 2552 „qua
690 2489 716 2536 in
728 2495 841 2542 senatum
854 2491 916 2540 uni·

10 2584 106 2617 tersum
119 2565 258 2626 jacerentur
270 2580 296 2612 n.
308 2561 414 2624 Vocati,
425 2561 653 2628 quiarguebantur.
667 2562 699 2610 Et
710 2560 815 2626 cognita
824 2561 915 2622 causis,

11 2663 30 2694 ,n
48 2643 181 2693 convictos
201 2641 366 2707 vindicatum,
386 2637 560 2703 Additamque
580 2637 845 2702 senatusconsultum,
863 2655 916 2705 quo

10 2718 166 2766 Seniensium
179 2715 265 2780 plebes
275 2712 402 2769 modestiae
413 2711 600 2762 admoneretur.
616 2709 709 2759 lisdem
728 2709 818 2759 diebus
827 2709 915 2760 Anto·

10 2795 61 2841 sins
69 2793 186 2839 Flamma
196 2787 380 2854 Cyrenensibus
389 2786 538 2844 damnatur,
549 2784 604 2850 lege
612 2780 812 2850 repetundarum
821 2816 828 2839 ,
838 2793 918 2834 etex·

10 2867 62 2914 silio
74 2866 108 2913 ob
123 2864 251 2912 saeritiam.

36 2939 134 2988 XLVI.
150 2939 221 2985 Inter
231 2951 286 3000 quae
296 2935 414 2984 militaris
425 2930 515 2982 seditio
528 2929 607 2998 prope
623 2929 725 2980 exarsit.
739 2929 919 2982 Praetorianatn

10 3013 129 3062 militiam
147 3008 295 3074 repetebant
308 3007 321 3057 a
333 3008 439 3059 Vitellio
451 3005 567 3066 dimissi,
581 3018 628 3070 pro
640 3003 797 3070 Vespasiano
810 3019 920 3067 congre-

10 3088 73 3152 gati:
90 3097 116 3136 et
127 3085 206 3132 lectus
217 3084 243 3131 in
255 3081 370 3130 eamdem
383 3098 453 3146 spem
465 3079 478 3128 ὲ
490 3079 632 3143 legionibus
648 3079 722 3148 miles
736 3074 859 3141 promissa
871 3074 921 3122 sti·

10 3159 99 3227 pendia
113 3157 250 3222 flagitabat.
267 3157 303 3205 Ne
322 3153 453 3204 Vitelliani
466 3151 583 3214 quidem,
598 3153 652 3199 sine
671 3149 752 3206 mutet,
766 3145 832 3195 caede
840 3182 847 3206 ‚
860 3147 921 3210 pelli

10 3245 137 3298 poterant.
149 3229 279 3294 Ingressus
294 3238 376 3276 castra
391 3223 602 3286 Masinissamque
617 3223 710 3271 rectius
727 3217 850 3284 stipendia
865 3221 919 3268 sin·
937 3233 938 3236 ’

10 3309 127 3378 pulcram
142 3314 283 3385 spectaret,
294 3303 346 3355 suis
360 3315 419 3350 cum
433 3292 574 3364 insignibus
589 3296 714 3374 armisque
724 3295 833 3355 victores
844 3305 922 3354 cops-
