2100 3709
94 85 145 136 lte
355 115 361 131 ‚
411 97 437 133 e.
458 97 551 133 coru.
570 91 681 132 ractrt
712 81 716 88 '

91 181 120 230 in
138 177 280 246 principatu
298 175 351 240 eius
373 177 517 242 vigilantior
525 196 536 236 5
557 191 603 225 neo
626 173 732 242 p‘eriude
749 174 879 241 prosperis
906 178 1001 236 souitu,

93 253 293 320 quimadrerais
304 253 452 301 abstractus.
848 313 852 316 -

126 329 175 378 Ill.
188 326 282 376 lisdem
298 325 386 375 diebus
396 325 511 374 Lucilius
524 325 633 382 Bassus,
652 341 711 373 cunt
723 324 843 392 expedito
853 321 947 391 equite
960 364 967 386 ‚
980 327 1004 376 al

93 399 296 467 componendam
312 395 474 465 Campanidm
484 399 612 448 mittitur:
631 398 790 448 discordibus
807 401 1005 467 municipiorum

94 474 285 540 animis,magis
294 474 360 522 inter
368 483 462 532 semet,
472 469 548 536 quim
559 471 717 521 contumacia
726 471 846 522 adversus
855 476 1008 539 principem.

94 549 159 596 Viso
170 548 252 596 milite
264 547 344 610 quies.
359 548 392 595 Et
402 545 545 594 minoribus
555 544 661 592 coloniis
672 546 824 610 impunitas:
838 546 937 613 Capuae
949 549 1008 615 legis

94 624 170 671 tertia
180 619 310 674 hiemandi
321 619 396 670 causa
407 621 514 674 locatur,
527 628 554 666 ct
564 614 654 666 domus
668 618 777 666 illustres
789 617 918 688 adflictae5
933 639 1009 688 quum

96 695 185 744 contri
192 695 387 745 Tarracinenses
400 692 472 741 nulli
483 707 531 757 ope
545 691 703 755 juvarentur.
713 691 797 742 Tantd
815 694 966 758 proclivius
980 708 1010 745 est

97 769 211 832 injurie,
222 768 298 834 quim
309 767 433 818 beneficio
444 769 524 814 ricem
534 765 664 814 exsolvere
676 783 681 814 :
693 767 750 829 quia
759 767 838 830 gratia
849 768 939 828 oneri,
952 771 1010 822 ultio

98 847 127 896 iu
139 855 235 908 quaestu
248 842 365 892 babetur.
377 841 472 900 §olatio
483 839 532 888 suit
545 853 631 888 servus
644 839 760 903 Verginii
774 841 926 906 Capitonis,
938 861 1013 908 quent
1035 815 1037 944 ⁴

97 916 254 986 proditorem
263 913 483 964 Tarracinensium
494 911 619 975 diximus,
630 913 745 978 patibulo
754 911 867 974 adfixus,
880 916 910 964 in
923 917 1013 967 iisdem

98 990 215 1050 annulis,
229 1005 293 1053 quos
312 999 428 1053 acceptos
446 987 461 1036 d
481 986 588 1036 Vitellio
606 987 730 1050 gestabat.
751 984 786 1034 At
805 988 893 1036 Romae
912 1003 1014 1039 serratus
1036 985 1037 990 ¹

98 1074 190 1112 cuneta
199 1063 356 1129 principibus
367 1061 440 1108 solita
451 1059 609 1126 Vespasiano
624 1057 752 1126 decerpit,
763 1060 833 1107 laetus
849 1071 874 1110 et
886 1064 948 1127 spei
960 1081 1016 1112 cer·
1036 1095 1037 1100 =

97 1147 140 1186 tus
152 1153 158 1182 :
171 1136 263 1201 quippe
275 1146 374 1200 sumpta
383 1151 429 1200 per
439 1133 536 1182 Gallias
549 1131 733 1199 Hispaniasque
744 1132 828 1180 civilia
839 1150 911 1182 arma
917 1173 927 1200 ,
939 1139 1017 1187 motis

98 1207 132 1257 ad
137 1208 233 1258 bellum
244 1207 386 1270 Germanis,
395 1205 576 1272 tuoxlllyrico‚
586 1219 720 1273 postquam
730 1207 880 1272 AEgpptum,
889 1209 904 1256 J
907 1210 1019 1270 udaeam,

60 1330 65 1339 ,
98 1282 248 1350 Syriamque
258 1317 265 1341 ,
274 1292 302 1330 et
309 1282 393 1330 omnis
402 1280 548 1346 provincias
559 1281 735 1344 exercitusque
749 1280 936 1343 lustraverant,
948 1286 1018 1333 velut

100 1356 205 1422 expiato
217 1367 340 1406 terrarum
352 1355 428 1411 orbe,
442 1355 539 1420 cepisse
549 1355 626 1406 finem
636 1351 796 1402 videbantur.
813 1352 949 1406 addidere
968 1358 1017 1407 ala·

101 1431 219 1479 critatem
232 1430 381 1496 Vespasiani
393 1429 495 1485 litterae,
505 1439 625 1492 tanquam
640 1437 759 1475 manente
774 1426 842 1474 bello
852 1429 956 1494 scriptae
969 1450 976 1479 :
990 1447 1016 1479 et

100 1503 185 1569 primi
194 1504 369 1570 specieforma
379 1520 385 1551 :
395 1500 509 1551 ceteritm
527 1513 555 1550 ut
571 1501 689 1566 princeps
708 1500 873 1564 loquebatur,
885 1501 976 1552 civilia
987 1503 1015 1553 de
1038 1499 1039 1544 i

102 1590 145 1633 se,
165 1588 191 1625 et
205 1576 348 1644 reipublice
365 1576 465 1644 egregia
480 1592 486 1624 ε
504 1589 552 1624 uec
567 1573 668 1623 senatus
682 1573 834 1638 obsequium
850 1573 952 1627 deerat.
967 1578 1018 1644 lpsi

103 1664 121 1694 o
129 1650 275 1700 consulatus
285 1666 343 1698 cum
351 1651 413 1700 Tito
421 1651 489 1714 filio,
499 1645 607 1716 praetura
620 1647 772 1698 Domitiano
786 1655 812 1696 et
821 1648 958 1700 consulate
968 1652 1017 1702 'tm-

102 1723 203 1787 perium
214 1739 228 1770 o
242 1722 422 1775 decernuntur.

137 1794 185 1846 tv.
199 1797 303 1847 Miserat
318 1810 344 1847 et
358 1797 494 1849 Mucianus
503 1799 623 1866 epistolas
636 1795 669 1848 ad
683 1805 814 1864 senatum,
824 1815 877 1863 quaa
886 1801 1021 1850 materiam

11 1864 13 1873 ‘
102 1870 265 1924 sermonibus
281 1871 411 1936 prebuere
423 1890 429 1921 :
446 1890 461 1921 tt
473 1873 494 1921 si
506 1873 620 1939 privatus
631 1882 712 1930 esset,
723 1887 767 1920 cur
776 1871 878 1938 publice
895 1874 1022 1940 loquere·

103 1942 169 1990 tur?
177 1945 294 2010 potuisse
308 1945 413 1998 eadem.
431 1961 527 2012 paucos
543 1958 605 2012 post
622 1945 689 2005 dies,
703 1947 761 1995 loco
776 1948 907 1995 sententias
921 1947 978 1997 dici
986 1965 1000 1997 u
1015 1966 1020 1995 :

102 2011 158 2078 ipsa
178 2032 278 2081 quoque
293 2018 429 2067 insectatio
445 2019 471 2067 in
487 2019 638 2078 Vitellium,
659 2032 713 2068 sera
733 2030 758 2067 et
771 2019 823 2066 siue
839 2019 972 2078 libertate.
993 2020 1019 2069 ld

99 2087 164 2143 γετὸ
174 2105 231 2155 erga
245 2091 429 2158 rempublicam
446 2093 604 2159 superbum,
618 2107 674 2155 erga
687 2091 828 2157 prinoipem
839 2095 1018 2144 contumelio·

101 2175 160 2217 sum
171 2198 178 2227 ‚
189 2162 258 2226 qutid
270 2182 286 2213 tt
295 2165 320 2214 iu
333 2181 410 2214 manu
419 2164 465 2215 sud
479 2165 558 2215 fuisse
567 2165 704 2230 imperimu
715 2202 722 2228 ,
734 2164 908 2230 donatumque
922 2168 1019 2235 Vespa·

106 2235 202 2286 sinnou
217 2238 334 2302 jactabat.
349 2240 467 2290 Ceterum
482 2241 578 2290 invidia
592 2240 618 2288 in
628 2239 745 2305 occult03
759 2238 873 2290 adulatio
889 2241 919 2290 in
932 2253 1019 2309 aperto

106 2321 199 2364 eraut:
213 2312 294 2360 multo
311 2328 368 2362 curn
380 2313 477 2362 bonore
487 2313 622 2362 verborum
643 2313 779 2362 «Muciano
790 2311 979 2378 triumphaliau
991 2317 1018 2368 de

105 2379 177 2430 bello
194 2385 264 2434 civili
281 2385 340 2436 data
353 2387 413 2436 :sed
429 2403 445 2436 rt
454 2386 480 2436 in
491 2387 616 2436 Sarmatas
630 2384 780 2452 expedition
801 2385 954 2450 fingebatur.
967 2390 1020 2439 Ad-

108 2451 204 2504 duntur
216 2473 231 2503 tt
240 2457 327 2508 Primo
343 2460 456 2509 Antonio
471 2458 631 2518 consularia,
650 2458 768 2506 Cornelio
786 2457 868 2507 Fusco
880 2494 887 2515 ,
906 2471 933 2508 et
947 2460 1021 2511 Arrio

107 2524 192 2580 Nero,
213 2535 329 2594 pretoria
340 2533 448 2598 insignia
457 2550 482 2581 n.
495 2531 558 2580 Mor
571 2531 631 2581 deos
642 2531 773 2598 respetdre
786 2566 791 2588 ‚
804 2535 914 2583 restitui
928 2535 1023 2600 placuit

107 2597 285 2675 Capitolium..
294 2607 379 2670 anue
389 2607 474 2656 omnia
486 2605 607 2654 Valerius
620 2606 744 2654 Asiaticus
752 2641 760 2665 ,
768 2604 856 2652 consul
868 2605 1022 2670 designatus,

108 2674 220 2724 sensuit:
229 2680 308 2727 ceteri
316 2680 522 2744 vultumsnuque
532 2697 538 2728 ι
550 2677 625 2744 pauci
633 2714 639 2737 ‚
648 2679 740 2742 quibus
747 2678 884 2742 conspicua
894 2679 1019 2745 dignitas,

111 2757 157 2792 aut
174 2747 303 2812 ingenium
319 2753 464 2802 adulatione
476 2755 631 2812 exercitum,
645 2753 792 2817 compositis
803 2752 968 2814 orationibus
982 2773 1022 2804 as-

112 2823 295 2875 sentiebantur.
306 2827 358 2876 Ubi
367 2827 399 2876 ad
409 2827 558 2878 Helvidium
571 2827 685 2877 Priscum
694 2863 701 2886 ,
711 2838 842 2892 praetorem
855 2825 1019 2898 designatum,

109 2906 231 2954 rentum,
249 2903 375 2966 prompsit
385 2902 536 2951 sententiam
548 2937 555 2962 ,
569 2913 599 2950 ut
612 2901 775 2950 honorificam
791 2900 817 2948 in
836 2899 936 2950 bonum
951 2907 1020 2970 prin·

113 2967 214 3034 cipetra,
232 2973 266 3021 ita
282 2974 345 3021 lalsa
360 2975 481 3038 aberant;
495 2988 522 3024 et
540 2975 630 3024 studiis
644 2975 743 3024 seuattis
760 2973 935 3027 attollebatur.
951 2980 1022 3045 Isque

111 3045 253 3110 precipuus
262 3048 300 3095 illi
308 3047 380 3108 dies,
389 3062 484 3112 magnae
496 3047 597 3098 eliense
607 3050 709 3099 initium
718 3060 758 3107 ‚et
767 3065 860 3114 magum
872 3051 956 3114 gloriae
965 3055 1023 3109 luit.

146 3117 180 3168 V·
198 3123 251 3170 Res
263 3138 368 3188 poscere
380 3122 496 3184 videtur,
509 3124 567 3186 quia
580 3121 672 3172 iterium
685 3126 710 3172 in
721 3123 876 3172 mentionem
889 3125 1022 3179 incidimus

114 3192 173 3254 viri,
185 3192 274 3260 stepit'ts
285 3189 454 3254 memorandi,
464 3207 493 3244 ut
502 3197 581 3244 vitam
592 3194 795 3260 studiaquexcjus,
807 3205 832 3242 et
844 3196 912 3263 quali
926 3197 1021 3250 fortuna

118 3265 153 3313 sit
164 3283 239 3327 usus,
250 3270 338 3334 paucis
350 3281 471 3336 repetam.
484 3269 619 3319 Heluidius
630 3269 739 3329 Priscus,
749 3269 851 3334 regione
862 3269 952 3336 Italiae,
966 3275 1023 3323 Tar·

115 3338 204 3392 satine
213 3343 367 3414 mtttticipio}
380 3344 471 3400 Clusio
479 3355 568 3414 petre,
580 3344 625 3413 qui
636 3341 750 3398 ordinem
762 3341 887 3412 primipili
896 3343 1016 3412 tunso,
