2100 3709
323 111 505 155 sarsurus!
522 115 589 155 ΜΒ.
606 118 688 157 ΧΗΙ.
909 130 954 188 191

72 195 143 248 XX.
153 195 278 249 Provecta
288 209 340 244 nox
348 205 450 258 arat,et
460 195 560 246 Neroni
568 215 613 264 per
622 199 787 251 vinolentiam
794 203 943 264 trahebatur

28 270 123 336 quum
133 267 272 335 ingreditur
283 269 366 330 Paris,
377 261 467 320 solitus
480 271 592 336 alioquin
602 272 628 321 id
641 271 763 340 temporis
777 277 847 330 lusus
860 251 958 348 princi:

29 349 80 413 pis
101 343 243 394 intendere.
262 341 310 394 Sed
327 356 389 392 tuuc
398 346 554 410 compositus
565 347 597 395 ad
613 351 760 399 moesritiam
772 389 781 414 ,
791 358 958 424 expositoque

30 419 136 468 indicii
148 417 257 485 ordine,
274 419 310 466 ita
328 419 474 468 audientem
488 430 616 478 exterret,
636 434 727 472 utnon
741 425 840 475 tantiam
852 444 958 482 matrem

31 493 216 556 Plautumque
230 490 369 558 interficere
379 527 387 551 ,
399 492 444 541 sed
455 492 564 542 burrum
575 495 653 544 eriam
666 495 803 548 demovere
812 501 959 567 praelectum
1000 553 1004 564 ,

32 566 185 615 destinarer
194 601 200 623 ,
209 578 329 630 tanquam
341 564 485 632 Agrippinae
496 565 576 630 gratiri
586 581 753 634 provectum,
764 585 792 622 et
805 576 887 623 vicem
898 575 958 625 red·

33 639 160 688 dentem.
175 639 274 695 Fabius
285 637 403 688 Rusticus
417 651 567 701 auctorest,
578 645 772 709 «scriptosesse
788 645 821 694 ad
834 649 958 699 Cercinam

31 713 157 762 Tuscum
169 711 315 772 codretum,
325 711 443 762 mandati
453 713 475 760 ei
485 715 658 778 praetoriarum
667 715 811 766 cohortium
822 720 882 768 cnrd
895 739 902 770 z
914 721 958 770 sed

34 803 94 854 ope
107 787 208 834 Senecae
223 783 397 849 dignationem
410 785 488 834 Burro
501 796 666 839 retentam».
682 787 782 839 Plinius
796 803 823 840 et
837 783 959 861 Cluvius,

32 859 109 912 nihil
118 857 265 907 dubitatum
276 858 306 907 de
318 857 367 908 fide
375 859 488 926 prefecti
497 857 621 912 referunt.
634 859 699 912 sans
709 861 803 913 Fabius
813 852 919 918 inclinat
927 867 961 918 ad

35 935 135 987 laudes
145 933 244 982 Seneca
254 932 342 997 ‚euius
353 933 463 982 amicitil
472 933 568 983 lloruit.
582 935 635 984 Nos
654 931 806 988 consensum
823 953 958 994 auctorum

38 1011 128 1060 secuti
137 1005 316 1072 ‚quadirersa
330 1007 504 1074 prodiderint,
523 1009 571 1056 sub
582 1011 731 1060 numinibus
745 1011 859 1079 ipsorum
870 1018 959 1077 trade·

37 1097 114 1132 anus.
121 1083 189 1131 Nero
198 1080 312 1146 trepidus
320 1116 327 1144 ,
334 1093 361 1130 et
368 1079 548 1130 interlieiendae
555 1085 644 1131 matris
654 1083 757 1145 aridus,
767 1103 818 1135 non
827 1087 899 1152 priris
908 1090 961 1140 dil·
995 1144 999 1154 ¹

35 1156 103 1206 ferri
110 1155 208 1221 potnit,
217 1153 292 1218 qnlrm
298 1155 394 1202 Burrus
403 1169 493 1202 nocem
502 1155 729 1219 ejuspromitterst‚
737 1162 757 1208 ei
765 1160 883 1211 facinoris
889 1179 961 1213 coar·

36 1241 168 1296 gueretur
178 1227 416 1290 :osedcnicumque
425 1261 432 1282 ,
441 1227 538 1276 nedum
547 1230 655 1294 parenti,
665 1230 838 1283 defensionem
847 1236 960 1288 tribuen·
1043 1285 1050 1297 .

36 1305 105 1355 dam
117 1321 123 1352 ε
137 1319 185 1352 nec
198 1313 357 1352 accusatores
368 1299 470 1358 adesse,
482 1299 528 1348 sed
539 1316 629 1350 rocem
639 1305 714 1353 nnius
724 1322 757 1354 ex
767 1305 868 1358 inimici
882 1311 960 1362 domo

37 1376 149 1428 adferri.
160 1377 280 1426 Relutare
289 1375 420 1439 tenebras,
428 1385 454 1422 et
463 1373 593 1438 vigilatam
599 1375 720 1426 convivio
728 1388 832 1430 noctem
840 1418 848 1442 ,
858 1386 960 1436 emm.

37 1467 95 1518 que
109 1449 250 1500 temeritati
262 1460 289 1497 et
299 1448 408 1496 inscitiae
415 1447 544 1514 propiora.
827 1453 832 1460 ·

77 1525 155 1576 XXI.
166 1525 209 1572 Sic
218 1523 297 1572 lenito
306 1522 425 1588 principia
437 1533 520 1578 metu,
531 1530 560 1570 et
570 1520 627 1570 luce
638 1521 708 1583 orti,
724 1523 777 1572 itnr
787 1525 822 1574 ad
836 1526 959 1598 Agrippi.
1044 1575 1045 1578 ,

38 1617 118 1662 narn,
140 1611 170 1648 ut
189 1607 304 1647 nosceret
327 1597 440 1658 obiecta,
462 1595 679 1661 dissolveretque,
700 1597 742 1646 rel
761 1613 848 1664 poruas
866 1601 960 1657 lueret.
1041 1601 1044 1614 '

41 1677 145 1724 ΒΜ*
154 1673 186 1722 5³⁸
197 1669 436 1740 ffllndfflb·⁸0¹¹⁰⁶³
448 1667 706 1734 emungebatur
716 1687 723 1718 :
737 1670 844 1722 aderant
853 1685 879 1723 er
889 1693 920 1726 ex
928 1677 963 1727 li.
1041 1683 1045 1725 2

41 1748 142 1803 berria,
156 1745 244 1796 arbitri
261 1744 394 1792 sermonis.
408 1737 512 1792 'Deinde
529 1740 545 1790 i
560 1742 640 1792 Burro
645 1736 658 1804 ,¹
667 1753 801 1809 postquam
814 1747 922 1800 crimina
933 1760 961 1802 et
1042 1739 1045 1750 '

41 1835 165 1878 auctores
174 1821 299 1886 exposuit,
308 1819 440 1870 minuciter
450 1829 546 1867 autum
555 1816 735 1884 EtAgripp'rna
743 1816 844 1870 ferocia
852 1838 960 1891 mernor,
1042 1880 1045 1891 Ι

42 1915 60 1949 c
67 1897 132 1948 Non
141 1896 242 1944 mirorn
251 1932 260 1954 ,
269 1894 365 1956 inquit,
377 1891 522 1954 «utranam,
532 1906 662 1956 nunquam
672 1891 740 1942 edito
749 1905 841 1960 partu,
850 1908 961 1949 matrum
1015 1919 1029 1932 ··
1042 1925 1045 1942 .

43 1972 152 2030 affectus
164 1969 264 2032 ignotos
275 1964 376 2017 babere.
386 1965 472 2050 Neffiw
484 1965 554 2014 enim
562 1963 668 2029 perinde
680 1963 695 2014 d
708 1968 858 2032 parentibus
870 1970 946 2022 liberi
951 2008 962 2040 ‚
1015 1961 1019 1968 ·
1041 1952 1046 1964 ,

42 2044 127 2112 quim
138 2041 171 2092 ab
183 2039 310 2106 impudica
320 2039 428 2087 adulteri
438 2049 580 2086 murentur.
589 2041 652 2095 Nec,
661 2039 683 2086 si
692 2040 786 2090 Iturius
792 2053 819 2091 et
828 2041 961 2109 Calvisius,
1004 2073 1014 2082 ..

44 2119 133 2170 adesis
147 2114 268 2163 omuibus
281 2111 406 2166 urrann,
423 2109 586 2159 novissimam
605 2111 774 2174 suscipiendas
793 2119 962 2169 accusationis
1042 2109 1046 2124 .

44 2207 155 2260 operam
171 2188 230 2236 anui
249 2183 407 2250 rependunt,
422 2181 480 2230 ideo
494 2181 614 2253 'autmilti
629 2183 735 2232 iufamia
751 2190 896 2250 parricidii,
918 2205 964 2244 ,ut
1003 2214 1005 2219 .

48 2251 309 2318 casnrroontetenria
322 2254 451 2306 subeunda
461 2265 509 2304 est.
519 2254 585 2306 Nam
594 2255 712 2304 Domitia
721 2257 859 2310 inimicitiis
870 2268 964 2329 gratias
979 2285 987 2308 ··

48 2352 170 2404 agerem,
187 2335 212 2384 si
234 2329 412 2382 benevolendi
430 2345 532 2378 mecum
554 2329 582 2376 in
597 2327 728 2378 Neronem
745 2345 832 2383 meum
845 2335 971 2390 certaret&
1037 2344 1045 2383 -:

48 2413 126 2462 Nunc
140 2425 188 2475 per
196 2405 371 2456 concubinum
381 2401 523 2458 Atimetum
532 2438 540 2462 ,
552 2412 579 2450 et
586 2400 739 2451 histrionem
748 2402 880 2472 Paridem,
892 2417 966 2476 qumi
1018 2407 1022 2413 ‘
1041 2399 1046 2462 J

50 2501 132 2534 scente
150 2481 248 2532 fabulas
263 2478 405 2543 componit.
419 2477 537 2526 baiarum
558 2489 661 2523 suarum
681 2477 790 2540 piscinas
810 2483 965 2553 extollebat,
1029 2491 1033 2498 ·

50 2575 133 2626 quum
144 2559 208 2608 meis
220 2554 333 2606 consiliis
345 2551 466 2618 adoptio,
485 2563 511 2600 et
523 2551 703 2617 proconsulare
714 2548 770 2614 jus,
787 2556 814 2602 el
825 2551 965 2621 desigm'tfio
1042 2557 1046 2603 f

45 2633 213 2692 consulatus,
225 2644 350 2682 eruerem
362 2627 497 2696 apiscendo
508 2627 620 2694 imperio
633 2638 842 2692 prepararentur.
855 2632 908 2684 Aut
921 2651 967 2687 ex..
1003 2647 1006 2650 ’
1043 2622 1046 2636 ’

52 2714 143 2773 sistet,
157 2698 201 2772 qni
208 2706 327 2756 sobortes
339 2706 365 2754 in
376 2703 441 2752 urbo
449 2713 575 2757 tentatas,
588 2701 631 2764 qui
640 2701 830 2766 provinciarum
842 2703 920 2758 fidem
928 2711 967 2761 la.

32 2805 34 2810 ’
52 2783 221 2840 buleutarum,
233 2781 341 2844 denique
357 2795 444 2828 servos
459 2777 499 2826 vel
512 2777 619 2825 libertos
634 2776 666 2825 ad
684 2776 765 2826 scelus
776 2793 910 2846 corruptos
921 2803 966 2836 ar.

35 2887 38 2893 ·
53 2871 125 2923 gunt,
143 2857 236 2904 Vivere
255 2866 317 2918 ego,
330 2851 474 2900 britannico
493 2850 610 2916 potiente
625 2865 729 2908 rerum,
747 2862 862 2914 poteram
878 2873 887 2904 ;
902 2871 930 2908 η
944 2862 967 2912 ,i

53 2934 174 2992 Plautus,
184 2940 228 2978 aut
237 2931 293 2992 quis
305 2925 369 2974 alius
375 2961 383 2985 ,
393 2923 576 2988 rempublicam
588 2922 743 2985 judicaturus
752 2923 907 2996 obtinuerit,
920 2932 967 2982 de.

54 3013 115 3055 sunt
126 3005 224 3053 scilicet
233 2999 298 3050 mibi
311 2999 484 3055 accusatores,
497 2997 543 3062 qui
554 3013 604 3045 non
620 2999 712 3056 verba,
729 2997 887 3064 impatientil
898 3006 967 3052 cari.

54 3079 115 3129 tatis
127 3074 264 3142 aliquando
282 3071 382 3130 incauti
391 3107 399 3130 ,
409 3071 455 3122 sed
472 3087 501 3119 ea
511 3069 619 3120 erimina
633 3071 770 3134 objiciant,
786 3073 879 3134 quibus
892 3077 941 3124 nisi
952 3076 967 3126 ir
1023 3129 1030 3133 ,

53 3151 108 3200 urio
121 3151 233 3208 ,absolvi
244 3163 296 3196 non
305 3146 400 3211 possim
408 3163 434 3196 u.
445 3146 589 3195 Commoris
601 3144 645 3208 qui
653 3144 773 3198 adorant,
783 3144 899 3208 ultroque
911 3151 967 3214 api.

60 3226 126 3272 ritus
135 3223 189 3286 ejus
199 3220 373 3286 mitigantibus
383 3253 390 3279 ,
400 3217 569 3289 colloquium
573 3218 635 3285 filii
643 3213 758 3282 exposcit
768 3233 774 3263 ι
787 3216 832 3263 ubi
844 3217 909 3266 nibil
919 3236 968 3284 pro

57 3295 211 3353 innocentii,
226 3294 297 3358 quasi
317 3289 442 3338 diffideret
457 3305 524 3352 3nec
541 3287 668 3337 beneficiis
677 3324 686 3350 ,
701 3289 773 3352 quasi
789 3289 967 3355 exprobraret,

59 3369 177 3422 disseruit
187 3386 194 3435 3
208 3365 387 3417 sednlricnem
396 3361 571 3424 indelstores,
583 3357 816 3426 espanedesmiois
827 3359 948 3414 obtinuit,
