2100 3709
93 44 145 99 tot
170 52 173 55 ’
216 81 219 85 f
417 61 445 98 e.
464 61 571 99 coar„
586 56 703 116 raeiri

94 155 225 209 memque,
237 156 264 192 et
274 141 425 207 coniugem,
442 154 468 190 et
479 142 610 192 innoxiam
623 132 765 191 liberorum
787 153 888 192 ertatem
896 141 1017 192 'misera-

94 228 185 266 rentur
194 236 220 268 u.
232 217 312 267 Simul
323 217 404 266 lilium
412 214 569 282 protendens
578 251 585 272 ,
594 213 674 264 modd
684 215 805 279 siugulis,
816 217 894 266 modi)
907 217 1021 266 univer·

95 286 128 340 sis
140 291 337 350 commendans,
348 288 478 356 postremi)
491 289 554 338 fletu
566 287 752 354 prepediente,
766 291 899 340 adsistenti
912 290 1020 338 consuli

96 364 221 432 (Cecilius
234 363 347 432 Simplex
361 361 424 429 erat)
435 363 583 412 exsolutum
596 361 610 411 t
624 363 705 410 latere
721 363 874 428 pugionem,
886 365 967 427 velut
981 364 1021 428 ius
1041 373 1042 378 ’

96 439 168 490 necis
178 439 285 503 riteque
295 435 393 486 civium
403 434 538 484 reddebat.
550 435 729 501 Adspernaute
739 438 857 500 consule,
867 437 1021 486 reclaman-

98 514 166 563 tibus
174 550 182 573 ,
191 515 236 579 qni
245 515 272 562 in
283 512 407 561 concione
415 509 575 571 adstiterunt,
588 524 617 559 ut
627 512 651 560 in
661 511 712 560 ade
722 511 870 569 Concordiae
882 514 1022 578 positurus

96 588 205 652 insignia
224 587 341 654 imperii,
355 584 512 656 domumque
531 583 618 634 barris
634 585 777 650 petiturus,
789 585 915 634 discessit.
933 585 1019 650 Major

96 653 139 710 bic
148 663 249 711 clamor
258 659 438 710 obsistentium
448 657 585 725 penatibus
595 657 714 725 privetis,
727 661 756 708 in
765 659 907 728 palatium
917 675 1019 708 vocan-

97 736 172 784 tium.
186 730 356 784 lnterclusum
367 730 436 782 aliud
447 733 504 792 iter,
517 729 594 795 idque
606 731 705 790 solum,
717 731 785 796 quod
796 733 821 780 iu
833 747 936 780 sacram
951 734 1020 781 viam

94 806 356 874 pergeret,patebat:
369 816 425 855 turn
436 803 538 853 consilii
550 803 639 870 ino'ps,
653 805 680 852 in
691 805 814 870 palatium
825 804 915 858 rediit.

127 906 226 957 LXIX.
244 908 407 961 Praevenerat
415 920 504 956 rumor
511 941 518 965 ,
529 904 644 970 «ejurari
655 906 687 955 ab
698 921 728 955 eo
741 905 900 972 imperiumn
912 922 918 953 :
935 905 1018 972 scrip·

96 983 326 1046 seratque-Flavius
341 981 449 1030 Sabinus
462 978 609 1029 cohortium
621 979 746 1042 tribunis,
762 989 793 1031 ut
807 980 924 1032 militem
940 981 1018 1032 colri-

98 1048 201 1107 derent.
218 1055 313 1122 Igitur,
332 1065 452 1118 tanquam
473 1052 558 1102 omnis
571 1053 719 1120 respublica
728 1054 753 1102 in
767 1054 917 1120 Vespasiani
932 1055 1018 1102 sinum

79 1140 83 1143 ’
95 1132 227 1191 cessisset,
236 1131 361 1199 primores
372 1125 487 1184 senatus,
500 1131 528 1177 et
536 1125 650 1192 pictique
661 1127 785 1192 equestris
794 1127 905 1185 ordinis,
917 1127 1019 1176 omnit-

97 1218 146 1266 que
154 1203 228 1253 miles
234 1204 364 1258 urbanus,
375 1213 402 1250 et
413 1201 516 1266 vigiles,
529 1199 636 1248 domum
647 1199 730 1250 Flavii
739 1200 1003 1266 Sabinicomplevdre
1014 1215 1018 1246 :

96 1277 157 1326 illuc
169 1278 201 1328 de
212 1278 305 1330 studiis
317 1277 401 1344 vulgi,
416 1289 442 1326 et
454 1275 533 1324 minis
546 1276 757 1326 Germanicarum
771 1266 918 1324 cohortium
936 1273 1017 1324 aller-
1039 1295 1040 1298 ¹

97 1361 151 1402 tur.
158 1352 274 1420 Longius
282 1352 334 1418 jam
343 1366 492 1417 progressus
504 1360 574 1406 erat,
586 1348 662 1414 quim
671 1361 700 1399 ut
709 1348 810 1416 regredi
821 1359 907 1415 posset
917 1365 923 1395 :
933 1359 961 1396 et
972 1363 1017 1396 suo
1041 1371 1042 1390 ι

97 1426 205 1492 quisque
227 1438 315 1486 metu,
333 1441 365 1474 ne
386 1422 523 1489 disjectos,
542 1439 624 1488 ecque
644 1421 730 1476 minius
748 1422 858 1481 validos,
879 1421 1018 1472 Vitelliani
1041 1413 1042 1468 ?

87 1511 323 1558 contemnentur,
341 1509 504 1549 cunctantem
519 1497 547 1547 in
566 1513 636 1550 arms
650 1497 825 1564 impellebant.
841 1493 891 1546 Sed
908 1495 982 1560 quod
993 1496 1017 1543 in

97 1571 224 1637 eiusmodi
236 1575 315 1625 rebus
324 1572 437 1632 accidit,
448 1571 584 1621 consilium
599 1572 631 1620 ab
644 1572 763 1628 omnibus
776 1569 864 1620 datum
876 1580 917 1619 est
925 1607 935 1637 ,
946 1571 1017 1636 peri·
1041 1607 1042 1666 ,

96 1646 185 1698 culum
200 1648 276 1714 pauci
290 1645 432 1712 sumpsdre.
446 1645 519 1694 circa
534 1645 620 1696 lacum
635 1644 771 1710 Fundani,
785 1642 1014 1708 descendentibus,

100 1721 145 1784 qui
154 1720 277 1770 Sabutum
287 1719 487 1779 comitabantur,
499 1720 614 1786 armatis,
626 1731 765 1769 occurrunt
774 1718 964 1786 promptissimi
971 1717 1020 1769 Vi·

98 1793 273 1845 tellianoruns.
299 1791 433 1845 Modicum
450 1791 486 1841 ihi
505 1792 638 1858 prelium,
659 1792 803 1859 improviso
822 1787 952 1850 tumultu,
972 1788 1016 1839 sed

99 1883 251 1935 prosperum
263 1864 409 1917 Vitellianis
419 1863 478 1916 luit.
488 1865 604 1926 Sabinus,
616 1881 644 1914 re
656 1865 769 1934 trepidi,
778 1865 847 1931 quod
858 1866 1015 1916 tutissimum

99 1940 298 2004 eptusentibus,
308 1953 394 1987 arcem
404 1938 527 2005 Capitolii
535 1938 632 1988 insedit
639 1939 734 2000 milite,
743 1951 768 1989 et
778 1939 930 2004 quibusdam
943 1955 1017 1988 seus-

98 2022 185 2062 torum
196 2015 376 2080 equitumque,
385 2030 494 2080 quorum
502 2015 607 2064 uomina
617 2014 716 2065 tradere
725 2015 793 2064 haud
802 2027 955 2082 promptum
965 2027 1014 2068 est,

99 2087 223 2151 quoniam
232 2089 329 2138 victore
337 2089 497 2156 Vespasiano
506 2127 513 2155 ,
523 2089 600 2139 multi
612 2089 638 2139 id
648 2092 768 2140 meritum
778 2106 836 2155 erga
844 2101 931 2155 partes
940 2089 1017 2138 simu·

101 2160 198 2212 lardre.
216 2163 353 2214 Subierunt
369 2164 499 2214 obsidium
515 2166 594 2214 etiam
611 2163 710 2216 femina
726 2165 811 2214 :inter
825 2179 888 2230 quas
903 2161 1015 2212 maximi

99 2237 218 2302 insignis,
233 2238 363 2289 Verulana
381 2238 506 2296 Gratilla,
523 2253 606 2302 neque
623 2239 733 2297 liberos,
747 2253 830 2304 neque
841 2238 1016 2305 propinquos,
1041 2273 1042 2284 t

99 2313 145 2363 sed
155 2313 252 2365 bellurn
262 2326 359 2369 secuta.
369 2314 528 2366 Vitellianus
537 2315 611 2365 miles
621 2313 737 2364 custodit
744 2313 847 2364 socordi
856 2314 958 2362 clausus
967 2314 1016 2360 cir·

101 2388 249 2450 cumdedit,
261 2403 356 2454 eoque,
368 2389 492 2439 concubii
507 2402 597 2446 nocte,
613 2407 671 2439 suos
681 2391 776 2440 liberos
788 2389 909 2446 Sabinus,
921 2399 949 2436 et
959 2389 1015 2436 Do-

100 2462 236 2513 mitianum
244 2455 329 2512 fratris
337 2463 429 2526 filium,
439 2464 465 2513 in
473 2463 629 2529 Capitolium
639 2465 746 2524 accivit,
762 2463 839 2512 misso
846 2479 893 2528 per
900 2461 1017 2526 neglecta

99 2533 134 2586 ad
145 2536 278 2588 Flavianos
293 2537 370 2587 duces
388 2538 494 2601 nuntio,
505 2539 551 2603 qui
564 2537 760 2588 «circumsideri
774 2537 842 2604 ipsos
850 2571 857 2595 ,
872 2547 897 2584 et
912 2535 939 2584 ni
951 2534 1016 2584 suls·

100 2611 248 2675 ueniretur,
261 2624 343 2661 arctas
355 2629 419 2661 resu
433 2613 573 2663 nuntiaret.
585 2611 695 2661 Noctem
703 2610 772 2660 adeo
785 2611 897 2675 quietam
908 2608 977 2674 egit,
989 2621 1017 2658 ut

101 2680 207 2746 degredi
216 2684 270 2732 sine
282 2683 350 2733 nori
359 2685 473 2750 potuerit
488 2703 494 2732 z
506 2685 601 2750 quippe
613 2684 687 2734 miles
701 2685 802 2735 Vitellii
813 2683 934 2732 adversus
944 2684 1017 2748 peri·

58 2808 62 2813 ,
101 2756 158 2805 cula
169 2755 254 2818 leros,
263 2759 394 2807 laboribus
402 2769 429 2806 et
438 2756 533 2822 vigiliis
545 2773 636 2822 parum
649 2757 828 2815 intentusserat
839 2773 845 2803 :
857 2767 883 2804 et
893 2753 1016 2806 hibernus

99 2829 183 2878 imber
191 2831 297 2898 repenti
306 2830 377 2883 susus
385 2831 474 2881 oculos
483 2845 607 2895 auresque
616 2829 783 2896 impediebat.
1041 2853 1042 2872 2

134 2943 219 2993 Lxx.
237 2945 305 3014 Luce
315 2943 417 3010 primd,
430 2944 553 3007 Sabinus,
565 2955 701 3010 antequam
709 2946 821 2994 invicem
832 2943 1015 3012 hostiliacoep-
1041 2939 1042 2952 ³

102 3028 199 3078 tarent,
218 3018 367 3069 Cornelium
385 3017 547 3076 Martialem,
566 3016 579 3065 ὲ
597 3019 813 3084 primipilaribus,
831 3018 863 3068 ad
880 3017 1012 3070 Vitellium

101 3092 186 3151 misit,
195 3109 254 3142 cum
269 3111 284 3142 (ι
291 3091 417 3142 mandetis
427 3104 453 3140 et
465 3103 572 3157 questu,
580 3091 650 3157 quod
659 3105 732 3158 pacta
749 3094 920 3144 turbarentur.
929 3095 1012 3144 Simu·

99 3165 227 3214 lationem
236 3163 341 3232 prorsuis
348 3177 379 3214 ‘et
388 3166 525 3234 imaginem
536 3165 679 3232 deponendi
693 3169 796 3234 imperii
805 3169 894 3226 luisse,
904 3167 937 3218 'ad
947 3167 1013 3218 deci-

101 3236 209 3303 pieudos
220 3245 259 3286 tot
268 3240 377 3288 illustres
386 3240 468 3289 viros.
478 3242 530 3289 Cur
539 3241 608 3287 enim
618 3240 631 3288 ὲ
642 3241 731 3289 rostris
741 3239 827 3292 fratris
837 3234 956 3300 domurn,
966 3244 1012 3291 im·

103 3309 246 3361 minentem
255 3311 324 3376 toro,
336 3324 363 3366 et
371 3313 502 3366 irritandis
513 3313 647 3365 bominum
659 3313 748 3384 oculis,
760 3315 836 3384 quim
845 3315 1010 3382 Aventinum,
