2100 3709
86 138 119 179 2!
395 132 422 179 lt.
444 140 536 179 contr.
560 138 674 178 rtcrrs

82 235 166 283 mens,
175 230 234 283 tus,
244 230 330 286 pater,
340 218 436 280 Druse,
447 224 547 285 imago,
560 221 598 268 tui
609 217 747 277 memoria,
757 219 848 271 iisdem
858 219 921 272 istis
930 227 994 274 citt!

82 296 207 345 militibus
214 332 224 355 ,
232 310 297 359 quos
306 295 357 359 jum
364 293 447 360 pudor
455 300 482 343 el
491 290 571 361 ‘gloria
582 296 658 343 toust
665 294 769 354 ,eluunt
778 293 843 343 hanc
852 298 999 359 maculem,
1047 289 1048 292 Ἴ

80 370 178 432 itusque
191 368 278 417 civiles
289 369 316 416 in
326 367 432 415 exitium
446 366 563 415 hostibus
573 378 681 416 vertunt.
690 365 746 415 Vos
754 384 854 432 quoque
863 406 869 427 ,
878 381 994 435 quornm

79 442 129 492 alia
146 458 214 490 nunc
230 458 288 500 ore,
299 441 348 488 slis
362 452 467 506 pectora
485 452 620 498 contueor,
631 442 654 489 si
666 440 763 504 legatos
780 445 896 504 senatui,
910 446 992 493 obse-

15 528 17 581 }
78 516 169 581 quium
178 504 341 581 imperatori,
351 514 374 562 si
383 514 447 563 mihi
459 512 592 580 coniugem
601 526 628 563 et
638 514 720 563 lilium
731 513 840 563 redditis
851 518 991 575 ,discedite

77 587 93 637 h
105 599 236 651 contactu,
252 602 281 635 ae
289 584 394 637 dividite
408 587 540 638 turbidos:
560 586 588 636 id
601 587 691 637 stabile
705 585 738 634 ad
751 588 926 652 poenitentium
938 629 948 655 ,
960 592 992 641 id

76 660 138 711 fidei
148 662 278 711 vinculum
292 660 351 709 erit.
366 678 382 711 s

107 733 206 785 Xle‚
221 734 353 802 Supplices
361 730 404 784 td*
425 731 725 799 ase,strertexprobrtri
735 729 987 800 transmontani,

78 815 203 881 npuniret
217 818 322 873 noxios,
334 816 477 883 ignosceret
488 817 580 883 leptis,
591 825 618 862 et
628 812 733 860 duceret
741 812 769 861 in
777 813 877 865 hostem
886 836 893 879 3
902 834 987 868 revo-

74 884 176 938 caretur
194 890 302 952 conjux,
316 886 411 939 rediret
427 891 558 955 legionum
571 889 706 944 alumnus,
723 902 786 935 neve
804 890 876 939 obses
889 891 985 950 Gallis,

73 960 245 1011 traderemus
258 964 377 1012 Reditum
389 965 535 1031 Agrippino
545 960 675 1012 excusavit
684 958 719 1007 ob
732 961 908 1013 imminentem
918 962 984 1031 'ptr-

72 1044 141 1095 tum,
150 1046 177 1083 et
184 1034 296 1085 hiemem
306 1052 313 1087 t
324 1037 573 1085 urentur-um'filium
583 1053 589 1083 r
602 1044 686 1082 cetere
695 1032 744 1097 ipsi
749 1050 959 1100 exsequerentur.
967 1057 984 1088 n

72 1106 226 1157 Discurrunt
237 1112 340 1169 mutati,
361 1122 386 1158 et
399 1108 623 1160 seditiosissimum
632 1121 759 1172 quemque
770 1110 868 1158 vinctos
878 1110 984 1163 trohnut
1004 1161 1007 1164 .

72 1180 106 1229 ud
116 1183 226 1250 legetum
237 1184 344 1251 legionis
358 1184 447 1251 primm
460 1186 490 1233 C.
507 1180 675 1239 Oetronium,
692 1182 737 1244 qni
753 1181 874 1244 iudicium
885 1194 911 1231 et
921 1201 983 1250 poe.

71 1269 118 1303 nas
131 1254 163 1304 de
178 1256 284 1322 singulis
296 1259 323 1308 in
336 1256 404 1307 bunc
415 1257 523 1308 modum
535 1256 656 1305 tremuit.
666 1255 773 1304 Stabant
789 1271 838 1321 pro
854 1258 980 1308 concione

69 1326 327 1393 legiones,destrictis
333 1332 501 1399 gladiiszreus
508 1332 536 1381 in
542 1340 661 1396 suggestu
668 1344 713 1394 psr
719 1330 849 1379 tribunum
856 1331 984 1381 ostende-

69 1398 157 1451 batur:
169 1402 673 1470 uinocentemadclamaverunt,prncept
680 1400 942 1453 dutustrucidebatur:
953 1418 990 1458 et'

69 1476 199 1539 gaudebat
208 1479 422 1540 cedibus'miles,
435 1492 556 1547 tanquam
568 1489 649 1528 semet
659 1476 820 1526 absolveret:
838 1492 885 1525 noc
894 1477 980 1530 Ceras

68 1550 172 1600 eruebat
182 1588 188 1609 ,
198 1554 299 1617 quando
307 1557 379 1603 nullo
389 1555 469 1616 ipsius
481 1555 569 1612 jussu,
581 1560 660 1608 poue·
669 1547 774 1592 eosdem
781 1550 876 1596 soritis
883 1550 944 1601 iacti
951 1565 979 1603 et

68 1621 165 1669 iu'vidis
177 1636 230 1671 erut
240 1643 246 1671 s
256 1626 337 1672 secuti
349 1616 492 1683 exemplum
503 1616 630 1671 veterani,
641 1613 711 1661 haud
721 1616 803 1665 multb
810 1633 870 1683 post
881 1625 908 1671 in
919 1626 979 1674 lle.

67 1692 133 1743 tium
140 1693 291 1756 mittuntur,
300 1696 383 1761 specie
393 1689 555 1741 defendendus
562 1689 701 1755 provincia
706 1690 741 1738 ob
749 1690 905 1743 imminentis
912 1698 979 1745 Sue.

67 1780 131 1823 vos,
142 1765 256 1813 ceterum
264 1778 292 1816 ut
300 1766 470 1815 avellerentur
479 1763 583 1820 cestris,
594 1760 709 1815 trucibus
718 1762 815 1820 adhuc,
824 1759 878 1813 uon
887 1769 977 1820 mirrhe

67 1839 202 1905 asperitate
213 1839 334 1898 remedii,
348 1836 425 1903 quim
433 1838 536 1888 sceleris
544 1833 677 1885 memorii.
687 1834 899 1887 centurionatum
914 1842 976 1893 inde

65 1912 134 1978 egit:
146 1913 237 1962 citatus
249 1913 280 1962 sb
289 1914 560 1979 imperotoremomen,
573 1907 699 1966 ordinem,
708 1909 828 1973 petrium,
838 1928 975 1964 numerum

63 1983 263 2051 stipendiorum,
281 2004 335 2053 quae
353 1986 454 2039 strenue
467 1986 494 2035 in
505 1982 720 2053 patefecisset,
732 1993 758 2032 ct
769 1983 811 2031 cui
822 1997 893 2035 eraut
906 1984 974 2038 dous

62 2058 198 2122 militetis,
211 2059 316 2112 edebat:
327 2062 349 2112 si
356 2060 489 2120 tribuni,si
497 2059 576 2124 legio,
587 2055 738 2107 industriam
748 2057 972 2125 innocentiumque

62 2131 279 2198 adprobaverunt,
289 2136 414 2186 retinebat
426 2132 560 2183 ordinem:
573 2132 619 2181 ubi
627 2129 769 2195 avaritiam,
777 2143 822 2180 sut
829 2134 972 2185 crudelitu.

61 2218 116 2261 tem
125 2226 250 2261 consensu
262 2210 454 2276 objectavissent
462 2245 470 2267 ,
479 2207 627 2258 solvebatur
636 2204 738 2255 mittut.

92 2282 177 2335 XLV.
195 2285 236 2333 Sic
252 2286 400 2351 compositis
408 2282 572 2351 presentibus
580 2316 589 2345 ,
602 2278 670 2328 baud
682 2277 767 2327 minor
781 2282 862 2330 moles
876 2296 969 2349 super·

57 2374 122 2424 eret,
130 2364 164 2413 ob
172 2358 388 2427 ferociumquinte
394 2370 420 2407 et
429 2351 966 2421 unoetvicesimaelegionum,sexsgesimum

56 2436 127 2502 apud
137 2436 248 2505 lapidem
260 2434 328 2503 (loc'o
341 2432 442 2489 Vetera
451 2444 546 2481 nomeu
557 2424 609 2493 est)
621 2425 825 2477 hibernentium:
837 2445 896 2478 num
908 2432 966 2496 pri-

56 2512 96 2559 mi
109 2506 261 2563 'seditionem
274 2517 446 2575 coeptsverant
458 2522 464 2553 ε
478 2500 664 2552 atrocissimum
676 2499 794 2566 quodque
803 2502 900 2551 lacinus
912 2503 963 2551 ho-
1010 2514 1014 2521 '
1040 2517 1041 2524 ¹

55 2599 116 2632 rum
124 2584 242 2632 manibus
252 2593 378 2646 patratum
390 2594 397 2626 ε
408 2592 455 2624 nec
469 2573 542 2639 poeni
553 2572 760 2621 commilitonum
772 2577 900 2635 exterriti,
913 2592 962 2627 nec
1039 2635 1040 2650 χ

54 2656 204 2723 poeuitentid
218 2654 355 2715 conversi,¹
364 2654 412 2699 ires
422 2648 575 2697 retinebant.
591 2645 673 2712 Igitur
685 2648 786 2708 cosor,
800 2666 884 2710 arma,
896 2652 964 2700 clas-
1014 2679 1018 2688 =

54 2750 122 2797 sem,
139 2722 221 2783 socios
235 2730 368 2779 demittere
385 2724 474 2775 Rheno
490 2731 578 2789 perot,
596 2722 618 2771 si
631 2722 766 2789 imperium
789 2722 965 2790 detrectetur,

53 2808 124 2857 bello
135 2816 285 2867 ccrtrdurus.
472 2798 475 2805 ’
603 2838 623 2861 e
1036 2865 1037 2868 Ἰ

88 2880 181 2931 vat.
193 2886 228 2927 At
241 2878 327 2925 Rome
340 2868 457 2922 nondisrn
469 2869 589 2936 cognito,
600 2869 645 2935 qui
657 2868 748 2922 luisset
758 2871 842 2922 exitus
857 2872 884 2921 in
893 2870 962 2941 llly-

51 2942 105 3003 rico
112 2993 121 3016 ,
138 2966 163 3004 et
179 2952 309 3017 legionum
325 2947 533 2997 Germanicarum
548 2956 620 2993 motu
637 2942 739 3005 audito,
757 2944 856 3012 trepide
870 2947 961 2997 ciritae

53 3030 168 3078 incusare
182 3024 330 3078 Tiberium,
343 3017 445 3084 uqrslsd,
463 3016 525 3065 ditm
538 3024 623 3082 patres
639 3028 665 3065 et
682 3018 799 3084 plebem,
812 3018 921 3068 invalida
933 3032 962 3069 et

52 3102 169 3155 inermia,
181 3098 342 3147 cunctatione
353 3092 411 3141 ficti
421 3090 573 3146 ludificetur.
584 3090 703 3141 dissideat
708 3092 812 3141 interim
819 3093 901 3148 miles.
908 3109 959 3141 ne-

51 3194 100 3243 que
112 3176 220 3225 duorum
232 3168 430 3222 adolescentium
443 3163 557 3223 nondum
566 3164 652 3213 adulti
661 3167 814 3216 suctoritate
822 3170 960 3232 comprimi

51 3260 140 3315 queat:
150 3250 187 3298 ire
200 3249 284 3315 ipsunt
294 3282 300 3304 ,
311 3254 337 3294 et
344 3254 472 3309 opponere
478 3239 830 3307 majestatemimpsratorism
838 3239 957 3290 debuisse

51 3324 225 3383 cessuris,ubi
234 3321 377 3389 principem
385 3314 460 3381 longi
469 3314 633 3382 experientil,
641 3315 959 3380 eumdemquesereritatis
1009 3332 1013 3336 ·

52 3387 960 3465 ..mnnffimmmmumridhuntsnAugustonemetum.
