2100 3709
67 62 118 106 art
164 102 168 108 .
385 67 409 104 c.
428 66 521 106 conr.
542 66 660 104 raeiri

68 139 245 204 delinquerent
254 138 336 191 Notos
349 156 449 204 quoque
459 142 556 204 equites
570 143 699 189 Romanos
716 153 806 205 operas
822 155 914 189 arenae
924 135 1007 208 proi

66 214 169 263 mittere
188 214 302 279 subegit,
313 213 385 262 donis
396 215 540 278 ingentibus
559 231 566 263 ε
582 216 631 267 nini
642 211 710 278 qubd
720 229 816 262 merces
831 213 864 261 ab
879 229 935 275 eo,
947 210 998 278 qui
1032 257 1033 276 ,

67 286 153 352 jubere
162 294 258 352 potest,
269 288 321 336 vim
330 288 485 337 necessitatis
495 284 580 336 affert.

99 381 160 433 XV.
169 381 207 430 Ne
218 391 300 432 tamen
311 381 393 430 adhuc
401 380 504 448 publico
515 380 613 430 theatro
621 377 846 440 dehonestaretur,
863 379 996 430 instituit

67 453 158 513 ludos,
172 457 347 509 Iuvenalium
362 455 483 504 vocabulo
492 491 499 514 ,
508 453 536 505 in
545 471 609 519 quos
617 455 713 519 passim
723 456 826 502 nomina
839 454 922 504 data:
933 472 993 504 non

65 529 187 578 nobilitas
196 532 313 594 culquam
321 565 327 585 ,
335 544 386 578 non
397 541 454 580 aetas
463 565 469 586 ,
477 541 520 578 aut
529 529 579 578 acti
590 527 699 576 honores
708 527 897 594 impedimento
905 565 914 586 ,
922 544 994 593 quo·

66 599 152 652 minus
162 603 244 652 Greci
255 601 371 652 Latinive
384 601 513 651 histrionis
526 612 608 650 artem
621 606 784 663 exercerent,
793 616 874 664 nsque
882 598 991 665 adges·
1032 613 1035 677 q

68 687 109 726 tus
123 675 261 740 modosque
277 667 346 724 lasurl
361 674 455 726 viriles.
473 675 544 741 Quin
562 684 589 721 et
604 671 703 721 feminae
720 672 834 720 illustres
851 671 988 721 deformia

67 749 197 815 meditari:
208 759 383 814 exstinctaque
394 747 463 816 apud
474 763 580 811 nemus,
590 744 659 811 quod
668 746 753 794 navsli
766 749 988 810 stagnocircum-

66 827 152 890 posuit
167 830 310 890 Augustus,
323 827 514 884 conventicula,
526 835 552 873 et
563 835 697 888 eanpunae,
710 833 736 871 et
745 822 829 887 posita
840 839 908 871 veno
922 823 988 872 irri-

67 909 179 948 tamenta
188 899 279 948 lunias·¹
289 898 464 964 dabanturque
474 898 551 964 stipes
559 934 565 954 ,
572 895 704 962 quasboni
712 898 874 959 necessitate,
884 897 987 946 intem-

66 983 184 1036 perantes
205 973 285 1037 glorih
303 977 491 1022 consumerent.
508 969 572 1019 Inde
590 970 695 1034 gliscere
712 969 807 1032 flagitis
821 979 847 1016 et
858 967 984 1035 infami23

68 1059 116 1092 uec
137 1045 189 1094 ulla
211 1049 326 1104 moribus
345 1048 408 1096 olim
423 1046 549 1112 corruptis
566 1045 623 1110 plus
637 1041 775 1092 libidinum
794 1043 985 1108 circumdedit,

66 1116 144 1179 quim
154 1118 196 1167 illa
206 1121 338 1171 colluvies.
344 1121 396 1171 vix
409 1121 505 1169 artibus
511 1118 625 1167 honestis
633 1115 716 1182 pudor
723 1117 861 1182 retinetur,
871 1117 991 1181 nedum,

67 1189 133 1240 inter
143 1195 279 1244 certamina
290 1196 411 1244 vitiorum
420 1229 427 1252 ‚
438 1193 576 1260 pudicitia,
585 1203 629 1239 aut
639 1189 777 1248 modestia,
787 1203 832 1239 aut
840 1189 983 1256 quidquam

68 1265 142 1328 probi
153 1269 232 1317 moris
248 1279 428 1319 reservaretur,
444 1265 576 1318 Postremi)
591 1267 644 1331 ipse
659 1279 760 1311 scenam
775 1263 884 1329 incedit,
898 1265 983 1313 multi
1037 1310 1039 1322 ι

70 1335 128 1385 cusi
139 1350 239 1390 tentans
247 1343 366 1392 citharam
378 1353 403 1396 et
413 1338 597 1406 premeditsns,
607 1335 787 1388 adsistentibus
798 1337 980 1388 familiaribus:

70 1424 208 1463 accesserat
221 1413 313 1465 cohors
326 1416 454 1472 militum,
471 1413 632 1462 centuriones
645 1409 809 1474 tribunique,
827 1421 853 1457 et
869 1427 980 1462 moerens

69 1485 182 1545 Burrus,
199 1505 229 1536 ac
246 1489 363 1540 laudans.
380 1489 503 1551 Tuncque
521 1485 634 1552 primism
649 1485 787 1548 conscripti
804 1495 864 1532 sunt
881 1487 980 1548 equites

55 1557 192 1620 =Romani,
208 1575 378 1629 cognomento
391 1563 626 1628 Augustanorum,
637 1563 710 1606 aetate
726 1573 755 1606 ac
768 1556 860 1606 robore
874 1560 979 1624 conspi-

71 1634 129 1691 cui,
144 1645 169 1682 et
185 1650 242 1699 pars
261 1637 361 1699 ingenio
378 1647 509 1696 procaces,
525 1630 571 1679 alii
586 1631 612 1678 in
627 1645 671 1695 spe
685 1631 811 1696 potentie.
828 1631 864 1679 lli
880 1630 935 1679 dies
951 1646 980 1680 ac

70 1717 158 1758 noctes
174 1701 303 1769 plausibus
318 1719 472 1770 personare,
488 1702 596 1751 sormam
606 1703 727 1768 principis
744 1701 884 1768 vocemque
902 1704 979 1768 deum

72 1775 202 1840 vocabulis
210 1778 365 1846 appellantes
374 1794 379 1824 s
388 1775 460 1838 quasi
467 1790 511 1839 per
518 1775 640 1824 virtutem
647 1775 709 1823 clari
718 1774 884 1842 honoratique
894 1794 977 1844 agere.

105 1867 177 1919 XVI.
194 1870 232 1919 Ne
242 1881 325 1918 tamen
336 1867 437 1916 ludicrae
449 1863 551 1914 tantiam
562 1866 723 1932 imperatoris
732 1877 799 1917 artes
807 1880 978 1936 notescerent,

67 1945 212 1991 carminum
230 1958 329 2004 quoque
348 1939 461 1989 studium
476 1933 771 2018 affectavit‚'cpntractis
785 1943 878 2007 quibus
896 1945 977 2009 aliqua

71 2015 199 2080 pangendi
208 2014 321 2062 lacultas.
333 2011 457 2064 Necdum
467 2013 573 2080 insignis
584 2016 663 2064 aetatis
673 2016 738 2077 nati,
751 2016 882 2067 considere
891 2019 976 2085 simul,

12 2143 13 2150 ἵ
71 2099 99 2136 ct
113 2087 224 2145 adlatos,
244 2089 283 2136 vel
299 2087 394 2137 ibidem
410 2097 524 2154 repertos
540 2106 627 2139 versus
641 2101 804 2151 connectere,
820 2102 896 2156 atque
914 2092 976 2158 ipius

72 2162 167 2217 verba.
182 2164 376 2228 quoquossmodo
387 2165 487 2232 prolata
498 2200 506 2228 ,
519 2167 636 2232 supplere
647 2183 653 2214 ε
666 2165 737 2230 quod
746 2166 842 2233 species
857 2168 912 2232 ipsa
923 2184 976 2216 car·

73 2238 172 2285 minum
190 2236 280 2300 docet,
300 2256 353 2288 non
373 2232 470 2304 impetu
495 2250 521 2286 et
539 2241 677 2300 instinctu,
694 2257 741 2289 nec
759 2255 803 2288 ore
819 2255 871 2287 nno
887 2240 975 2289 fluens.

71 2309 155 2358 Etiam
167 2312 292 2374 sapientiae
304 2313 451 2379 doctoribus
463 2323 565 2378 tempus
576 2314 739 2381 impertiebat
749 2323 807 2380 post
820 2312 922 2378 epulas,
935 2323 976 2362 ut·

72 2398 122 2446 que
137 2385 263 2454 contraris
282 2387 483 2437 adseverantium
494 2394 507 2447 ,'
517 2386 650 2438 discordiae
666 2389 836 2437 eruebantur:
851 2403 898 2435 nec
916 2387 975 2435 dee·

15 2485 19 2523 1
72 2467 149 2518 rant,
164 2459 215 2523 qni.
224 2475 268 2510 ore
277 2461 399 2528 vultuque
421 2462 488 2512 tristi
504 2460 571 2512 inter
585 2462 772 2513 oblectamenta
787 2461 856 2526 regis
871 2460 973 2526 spectati

17 2532 19 2560 ²
76 2543 210 2596 cuperent.

19 2628 21 2637 ’
104 2621 189 2672 xvtt.
207 2625 258 2673 Sub
272 2626 340 2674 idem
353 2638 467 2691 tempus,
483 2623 535 2676 levi
546 2624 709 2673 contentione
720 2635 793 2672 atrox
810 2625 891 2674 cedes
907 2640 971 2688 otts,

19 2722 22 2755 3
71 2692 140 2742 inter
151 2695 254 2742 colonos
267 2697 409 2745 Nucerinos
420 2699 650 2760 Pompeianosque,
660 2697 811 2762 gladiatorio
823 2704 971 2762 spectaculo,

20 2778 23 2831 ς
72 2764 142 2828 quod
159 2765 287 2815 Livineius
306 2769 432 2831 Regulus,
450 2783 525 2833 quem
542 2779 642 2818 motum
659 2782 749 2818 senatu
765 2769 855 2831 retuli,
869 2770 969 2826 edebat:

20 2838 24 2901 Ἰ
72 2837 167 2903 quippe
187 2839 315 2904 oppidani
332 2838 434 2890 lascivit
450 2841 562 2892 invicem
578 2843 746 2904 incessentes,
761 2844 856 2909 probra
862 2881 870 2905 ,
887 2845 970 2899 deinde

22 2906 25 2951 ⁴-
72 2923 141 2968 saxa,
152 2914 281 2976 postremis
292 2912 387 2964 ferrum
395 2915 534 2983 sumpsere,
544 2914 667 2965 validiore
674 2915 887 2982 Pompeianorum
895 2921 968 2986 plebe,

24 3006 25 3019 ³
74 2984 142 3050 apud
154 3001 217 3049 quos
232 2989 403 3053 spectaculum
419 2991 549 3040 edebatur.
563 2989 630 3054 Esgb
644 2992 767 3056 reportati
778 3004 838 3040 sunt
852 2995 877 3042 in
890 2996 967 3045 urbem

72 3059 148 3108 multi
158 3058 171 3108 ὲ
184 3061 335 3124 Nucerinis,
349 3075 439 3113 trunco
449 3081 494 3130 per
505 3065 608 3113 vulnera
617 3080 723 3130 corpore
731 3100 738 3125 ‚
746 3081 777 3113 ac
787 3067 898 3131 plerique
911 3069 966 3120 libe·
1020 3079 1025 3089 “

48 3155 50 3162 ⁴
74 3150 166 3184 rorum
178 3145 378 3204 culparentum
386 3139 631 3204 triortesudessebant.
643 3139 721 3201 Cujus
730 3141 767 3188 rei
775 3139 897 3202 judicium
905 3144 965 3206 ptia-

75 3221 135 3270 ceps
147 3212 259 3270 senatui,
271 3224 371 3262 senatus
383 3215 529 3262 consulibus
537 3213 662 3278 permisit.
673 3214 707 3262 Et
717 3227 806 3261 rursus
815 3222 842 3260 re
854 3213 886 3261 ad
894 3226 963 3280 patres
1037 3222 1039 3263 l

70 3280 167 3347 filati,
184 3285 308 3353 prohibiti
320 3287 422 3359 publici
438 3289 467 3342 in
484 3287 571 3341 desem
584 3303 665 3347 annos
678 3286 805 3370 ejusmodi
814 3299 886 3341 caetu
897 3290 962 3346 Pons
