2100 3709
347 66 527 110 susurrone
549 71 611 108 nis.
633 57 713 110 rui]
936 61 985 117 185

61 225 153 254 m
158 222 975 254 Smmmmwssfflmmm

66 292 69 299 Ι
144 387 147 390 ’
209 361 546 447 ANNALIUM
579 360 691 443 Llss.
720 361 848 446 XIII.

64 577 168 625 Silanus
185 588 279 620 ueneno
287 581 386 618 necatus
395 574 534 632 Agrippina
537 571 638 630 fraude.
648 571 778 618 Narcissus
788 574 821 618 ad
828 583 930 620 mortem
940 573 982 622 a'c-

97 650 145 686 tus.
158 639 232 697 Burri
242 644 266 680 et
274 639 371 679 Seneca
382 637 444 680 laus.
458 633 557 679 ctandii
560 634 675 690 funebris
687 635 805 690 laudatio,
817 650 859 680 ore
867 638 987 692 Neronis,

96 703 157 747 stilo
177 700 282 742 Sersecoe.
299 697 371 741 Bona
389 696 495 742 Nemnis
513 697 591 740 initia.
612 695 716 738 Senatui
735 699 868 742 auctoritas
883 699 986 746 residua.

97 760 331 819 Agrippinoeviriles
337 773 408 804 cura.
415 757 505 803 Partiri
512 758 653 802 Armeniam
661 758 763 802 turbant.
770 761 898 806 Sermones
905 761 935 805 de
940 761 990 806 Ne-

59 862 62 866 ,
100 838 171 879 mne.
184 821 249 869 Nero
259 832 343 864 curam
355 820 413 863 belli
422 820 534 876 suscipit.
548 817 634 863 Partiri
644 822 765 863 amittsmt
774 822 917 866 Armeniam
928 837 935 864 .-
948 825 988 866 cni

106 883 214 930 Corbulo
225 880 363 939 preficitur.
374 879 504 938 Vologeses
516 880 559 924 dat
567 879 668 924 obsides.
684 881 750 926 Nero
763 881 891 926 dissidium
900 883 995 928 ducum.

102 945 227 1002 conrponit
239 943 405 999 :populariter
413 943 523 1001 quadam
533 941 615 986 Roma·
627 945 700 996 gerit,
714 946 869 988 clementiam
877 953 991 990 ostentat.

102 1009 184 1052 Acten
192 1011 273 1054 amat,
280 1003 405 1060 fremente
414 1013 505 1055 matre,
516 1016 576 1048 mor
588 1004 739 1057 blandiente,
747 1005 860 1062 frustra:
873 1021 929 1050 nam
939 1010 991 1062 ipse

103 1066 136 1111 ab
145 1066 176 1109 et
185 1077 289 1110 auersus.
303 1065 391 1110 Pallas
398 1065 512 1116 delectus.
522 1066 663 1123 Agrippina
670 1068 756 1110 urinae
765 1069 849 1110 oratio.
860 1067 925 1111 Nero
933 1066 991 1111 Bri-

105 1129 232 1173 tannicum
247 1139 341 1170 veneno
357 1127 444 1187 tollere
455 1134 537 1182 parat,
553 1135 576 1170 et
590 1127 686 1186 quidem
697 1129 825 1183 praecipiti.
841 1127 907 1172 Ordo
922 1129 992 1173 illius

103 1191 206 1236 sceleris
215 1189 354 1234 Britannici
356 1187 595 1244 festinatumfunus.
605 1189 684 1244 Super
691 1189 720 1232 eti
729 1202 755 1232 re
763 1189 868 1234 Neronis
877 1189 990 1234 edictum.

104 1252 245 1306 Agrippina
251 1243 459 1305 potentiasracta.
468 1249 563 1292 Eadem
571 1263 651 1292 rerum
658 1263 773 1294 novarum
782 1257 909 1306 accusata,
918 1248 993 1294 vaide

107 1314 224 1371 exterrito
239 1312 349 1368 Nerone,
362 1315 405 1368 qui
413 1314 439 1354 in
448 1308 539 1354 cadem
548 1313 634 1354 matris
648 1312 777 1357 imminens
786 1313 801 1354 b
810 1313 887 1365 Burro
897 1318 995 1357 coercui

107 1380 152 1416 tur.
162 1373 297 1429 Agrippina
306 1387 333 1416 se
343 1379 437 1429 purgat.
449 1372 611 1414 Accusatores
620 1373 671 1423 eius
680 1373 764 1424 puniti.
775 1372 859 1419 Pallas
867 1381 890 1415 et
900 1372 995 1416 Burrus

106 1433 191 1480 deteri.
201 1433 307 1478 Nemnis
314 1439 436 1476 nocturna
443 1431 553 1474 lascivia.
566 1430 678 1474 Montani
688 1443 759 1474 mors.
771 1431 906 1475 Histriones
916 1431 995 1476 leatict

104 1497 180 1553 pulsi.
194 1496 288 1539 Contra
297 1493 396 1539 libertos
406 1496 525 1548 tiaratos,
538 1500 561 1535 et
568 1505 613 1549 pro
622 1495 654 1536 iis
661 1493 727 1536 diota
737 1495 763 1535 in
773 1501 865 1536 senatu.
875 1495 946 1537 Paris
957 1497 997 1537 in-

107 1567 201 1608 genuus
211 1554 345 1605 iudicauit.
356 1553 404 1599 Ius
419 1549 580 1598 Tribu'norum
590 1560 613 1596 et
624 1552 744 1598 AEdilium
754 1551 893 1609 cohibitum.
903 1553 996 1598 AEmrii

107 1629 167 1663 cura
174 1615 243 1659 varie
251 1613 343 1657 habita.
353 1615 380 1658 L.
394 1615 493 1659 Volusii
499 1625 572 1658 mors.
582 1612 796 1670 Amphitheatrum
805 1611 915 1658 Neronis.
924 1615 995 1658 Prte-

106 1675 173 1720 sides
181 1675 250 1721 ludos
259 1675 329 1718 edere
336 1674 462 1732 prohibiti.
474 1675 499 1719 V
497 1677 538 1719 ita
548 1676 701 1720 dominorum
710 1673 855 1718 consultumss
863 1676 998 1732 Pomponia

112 1737 235 1784 Gracina.
242 1735 286 1778 Rei
293 1740 319 1778 P.
331 1735 409 1791 Celer,
420 1735 576 1779 Cossutianus
588 1736 681 1792 Capito,
690 1735 780 1792 Eprius
787 1735 924 1778 Marcellus.
935 1735 999 1778 Mes·

110 1797 180 1851 salla
195 1798 287 1840 consul.
299 1797 401 1843 Nemnis
409 1795 553 1840 liberalitas.
564 1796 707 1842 Corbulonis
714 1797 851 1854 disciplina,
862 1798 950 1851 virtus,
960 1809 998 1840 se·

110 1859 210 1900 ueritas.
220 1857 322 1901 Pactius
336 1867 420 1910 contra
429 1861 559 1915 imperium
567 1873 675 1916 pressans
678 1858 810 1917 fususque,
822 1865 892 1902 cutm
902 1858 996 1902 uallum

111 1918 198 1961 tendit.
209 1919 330 1963 Tiridates
338 1922 364 1978 in
374 1922 492 1965 Armenii
498 1935 509 1964 .·
516 1923 609 1974 legatio
615 1923 666 1975 eires
674 1921 709 1964 ad
719 1921 887 1968 Corbulonem.
893 1925 939 1964 Per
945 1919 998 1966 col-

112 1979 223 2036 loquium
220 1980 337 2043 fraudem
341 1991 421 2038 parat,
428 1997 499 2040 quam
508 1985 584 2028 eludit
591 1985 714 2028 Romanus
721 1997 729 2026 .·
736 1991 759 2026 ei
767 1985 890 2027 Armenia
898 1982 1001 2027 castella

113 2043 189 2097 capit.
199 2043 321 2086 Artaxata
331 2046 474 2100 aggreditur,
485 2045 684 2103 Tridatefrustrd
691 2045 840 2102 probibente.
856 2045 1001 2092 Corbulonis

112 2103 190 2146 acies.
203 2103 323 2149 Tiridates
332 2106 446 2149 abscedit.
456 2106 688 2162 Artaxatassdeditur,
697 2106 796 2151 deletur.
808 2107 842 2151 Ob
852 2107 903 2150 ltoec
911 2107 1003 2152 Neroni

113 2171 141 2208 et
148 2163 197 2206 diis
206 2163 318 2209 lannores:
325 2168 353 2210 P.
361 2165 458 2210 'Suilius
465 2169 556 2209 rearin
566 2169 682 2209 Senecam
693 2165 821 2210 invehitur.
832 2169 925 2213 Suilius
932 2165 1005 2210 uarr'e

114 2231 246 2267 accusatus
254 2225 401 2281 deportatur.
412 2225 511 2270 Octavii
519 2226 796 2280 Saeitroeveconamor,
804 2232 827 2268 et
837 2225 1002 2281 immanefac-
1047 2255 1048 2260 .

113 2287 180 2328 tum.
190 2285 284 2330 Liberti
284 2287 358 2344 fides.
373 2295 482 2346 Poppae
490 2301 575 2342 genus,
581 2287 668 2344 somna
676 2319 682 2342 ,
691 2300 760 2342 opes,
776 2301 866 2339 moros,
876 2291 1003 2332 matrimo-

118 2350 172 2400 nia,
181 2349 283 2394 adulter.
292 2351 358 2396 Nero
367 2354 482 2394 maritum
491 2352 541 2402 ejus
553 2349 671 2395 Otlsonem
681 2356 784 2395 amovet.
795 2351 866 2394 Sulla
874 2355 1000 2406 suspectus

54 2451 57 2454 .
116 2407 213 2453 Neroni
225 2411 310 2467 Grapti
319 2412 381 2456 dolo.
396 2412 581 2455 Puteolanorum
592 2411 686 2454 seditio.
699 2411 807 2454 Thrasea
818 2411 844 2453 S.
857 2410 1019 2454 Clocositraae

120 2469 196 2523 dicit,
208 2478 231 2513 et
242 2485 325 2530 quare.
337 2471 475 2527 Vectigalia
485 2478 569 2515 contra
580 2471 686 2516 Neronis
698 2471 813 2526 impetum
822 2478 922 2512 retenta.
931 2469 1006 2518 Leges

121 2529 155 2573 sle
164 2531 312 2586 publicanis.
319 2533 401 2591 Agger
408 2531 491 2577 lilreno
505 2532 643 2577 coercendo.
657 2532 735 2576 Fossa
744 2531 809 2574 inter
815 2531 913 2574 Ararim
921 2537 945 2572 et
953 2525 1005 2572 Mo·

120 2593 219 2636 sellum.
227 2594 304 2638 Frisii
308 2593 506 2646 aerosliorn‘anos
511 2602 636 2651 occupant.
647 2592 902 2636 Germanorumuirtur
909 2589 1007 2646 etfides.

121 2654 247 2698 Ansibarii
255 2656 426 2708 eosdemagros
434 2657 547 2703 insident.
556 2655 821 2708 Boiocaliconstantia.
831 2652 956 2697 Ansibarii
965 2653 1007 2695 sle-

124 2713 177 2756 tesi.
191 2714 257 2758 Catii
270 2714 300 2758 ab
311 2716 487 2763 Hermunduris
498 2717 569 2762 Coest'·
583 2718 655 2770 Iertes
665 2716 678 2760 ὲ
687 2714 760 2775 ἰθΐνᾷ.
775 2715 850 2760 Ficus
861 2713 1007 2759 Ruminalis.

128 2774 205 2819 Gesta
214 2774 345 2822 lroecarmis
355 2785 463 2836 quatuor.
548 2775 550 2786 '

188 2974 192 2981 ¹
246 2919 346 2970 Nerone
362 2921 470 2971 Claudio
483 2923 580 2972 Caesare
592 2919 723 2986 Augusto,
736 2918 767 2969 L.
779 2917 893 2969 Antistio
903 2919 1010 2971 Vetere.

109 3026 111 3031 .
247 2988 280 3050 Q.
295 2988 418 3050 Volusio,
433 2987 597 3038 P-Cornelio
609 2988 739 3055 Scipione.
875 3049 880 3060 Ι
930 3048 935 3060 ⁸

135 3019 212 3079 c⁰³⁸‘
247 3046 1014 3126 NeronecleudioCesareAugustoII.L.CapurusoPssone.

247 3121 347 3170 Nerone
359 3121 470 3172 claudio
480 3123 577 3171 Creme
588 3119 704 3184 Augusto
712 3114 761 3164 111.
771 3115 874 3168 Valerio
883 3111 1012 3162 Messalla.

105 3281 128 3331 1.
140 3243 193 3327 Pu
201 3281 239 3326 n't
247 3288 266 3327 A
277 3294 346 3328 novo
362 3278 507 3344 principatu
517 3291 587 3324 mors
599 3275 613 3323 J
615 3275 669 3323 unii
680 3270 758 3322 Silani
770 3245 928 3351 proconsulis
941 3263 1014 3350 Acie,

105 3358 196 3423 ignaro
212 3355 328 3413 Nerone,
342 3370 388 3420 per
402 3353 492 3404 dolum
507 3350 651 3415 Agrippinas
660 3357 776 3414 putatur,
788 3358 838 3390 nou
849 3355 906 3405 quia
916 3355 1011 3404 ingenus
