2100 3709
88 53 139 106 250
403 57 428 98 e.
450 55 544 96 cons.
568 52 683 94 rtcrnr
761 29 776 48 ‘

90 137 437 212 exprobrarentinterleotum
445 155 499 188 esse
508 137 976 206 RubelliomPlsutuns,genernmLu
998 150 1000 153 ·

89 220 200 267 Veteris.
218 213 268 264 Sed
281 215 381 262 initium
395 211 540 278 detegenda
552 214 651 261 sevitia
662 212 783 279 prebuit,
795 215 947 263 interversis
962 227 995 276 pa

88 295 158 344 troni
172 293 262 350 rebus,
274 287 306 336 od
319 287 490 336 accusandum
503 286 688 349 transgrediens
706 288 861 336 Fortunatus
879 289 995 336 libertus

88 367 188 416 adscito
204 363 311 413 Claudio
327 363 467 418 Demiano,
480 377 571 425 quem,
584 361 618 408 ob
630 360 725 426 flagitis
739 362 853 409 vinetum
864 360 880 410 *a
891 361 994 408 Vetere

88 439 153 492 Asin
164 439 333 504 proconsule,
345 436 455 484 exsolvit
463 436 547 498 Nero,
557 435 583 484 in
594 435 726 500 premium
736 435 914 483 accusationis.
925 436 999 497 Quo

89 514 133 564 ubi
146 515 275 580 cognitum
293 525 354 565 reo,
368 525 442 572 seque
455 520 479 556 et
495 509 614 557 libertum
628 508 684 574 pari
703 519 771 556 sorte
787 509 926 572 componi,
938 508 981 554 Fo

91 587 190 635 mianos
207 586 231 632 in
250 599 323 648 agros
339 581 487 646 digreditur.
502 581 560 629 lllic
577 596 636 629 eum
656 581 752 628 milites
769 581 868 628 occulti
887 579 995 628 custod’

90 656 260 708 circumdant.
271 655 369 705 Aderat
377 655 441 712 iilia,
451 671 527 720 super
536 658 656 718 ingruens
664 654 819 718 periculum,
829 654 906 719 longo
915 654 982 701 dolo
1001 685 1002 688 =

91 743 178 789 atrox,
193 747 223 780 ex
234 747 284 796 quo
297 744 460 796 percussores
471 729 553 777 Plauti
566 729 652 775 mariti
667 728 705 775 sni
721 726 838 776 viderat:
851 739 1007 776 cruentam·

91 821 140 870 que
158 807 282 854 cervicem
296 803 351 867 eins
365 805 497 868 amplexa,
510 804 626 852 servabar
638 795 802 866 sanguinem,
817 812 842 851 et
854 813 1007 851 restesres·

90 894 194 944 persas3
207 877 300 936 vidua,
312 877 421 942 implexa
433 875 504 927 luctu
515 878 647 936 continuo,
658 891 706 923 nec
715 876 775 922 ullis
785 875 925 934 alimentis,
940 875 993 923 nisi
1002 872 1018 935 ,l

91 966 146 1015 qun
162 964 270 1000 mortem
282 961 408 998 arcerent.
422 951 506 1006 Tum,
522 949 640 998 hortante
654 959 740 1014 patre,
756 948 893 1013 Neapolim
909 950 1018 1014 pagini

90 1025 123 1074 Et
134 1025 193 1088 quin
210 1022 280 1072 aditu
293 1021 403 1070 Neronia
418 1021 612 1088 prohibebatur,
630 1037 744 1085 egressus
756 1020 889 1075 obsidens,
904 1021 1019 1077 naudi-i

90 1107 131 1144 ret
144 1097 273 1145 insontem
283 1111 366 1150 ,neve
375 1093 519 1143 consulatus
532 1097 572 1143 sui
580 1093 710 1159 quondam
721 1095 843 1159 collegam
853 1093 962 1143 dederet
973 1095 1009 1140 li·'

91 1167 197 1222 herion,
212 1166 288 1216 modu
299 1166 417 1215 muliebri
428 1166 537 1232 ejulatu.
549 1165 685 1232 aliquando
697 1203 702 1213 .
713 1183 801 1213 sexum
816 1183 929 1231 egressa,
943 1182 1006 1214 roce
1019 1156 1020 1159 Ἴ

92 1239 207 1304 infensi,
222 1239 387 1302 clamitabat,
401 1237 482 1288 donec
494 1239 614 1304 princeps
626 1237 784 1288 immobilem
794 1255 820 1287 se
832 1240 967 1303 precibus,
981 1248 1006 1288 et

91 1309 193 1363 invidia
205 1310 274 1375 justis
287 1309 408 1362 ostendit.

125 1388 173 1436 xl.
187 1388 254 1450 Ergo
269 1389 370 1433 nuntiat
386 1381 451 1450 patri
468 1381 601 1447 «abjicere
616 1400 704 1450 spem,
722 1395 747 1432 et
763 1385 802 1432 uti
817 1385 970 1433 necessitate
979 1401 1004 1432 n,

92 1460 176 1508 Simul
189 1457 319 1518 adfertur,
334 1476 348 1506 u
354 1459 436 1523 parari
448 1459 620 1521 coguitionem
630 1457 745 1518 senariis,
756 1469 781 1507 et
792 1471 889 1506 trucem
898 1471 1007 1508 senten·

94 1533 190 1584 tiarnn.
203 1533 256 1582 Nec
270 1531 370 1581 deluere
381 1567 388 1590 ,
400 1531 443 1595 qui
455 1547 541 1580 muner
547 1544 590 1580 ent
601 1567 607 1586 .
625 1549 639 1577 o
647 1534 736 1594 magni
750 1547 782 1580 ex
795 1543 867 1597 parte
877 1530 1005 1581 heredem

95 1605 217 1654 cesarem
229 1619 389 1670 nuncupare,
402 1615 476 1665 atque
488 1605 520 1650 ita
531 1602 667 1666 nepotibus
679 1603 710 1650 de
720 1604 819 1668 reliquo
829 1605 987 1654 contulere»
998 1623 1005 1652 ι

94 1678 162 1742 quod
173 1679 350 1743 adspernatus,
363 1691 395 1723 ne
410 1677 487 1722 ritem
497 1711 502 1721 .
514 1676 629 1740 proxime
644 1677 789 1724 libertatem
800 1689 903 1736 actam,
914 1679 1005 1725 novis·

94 1749 159 1800 simo
170 1751 272 1799 servitio
284 1747 401 1808 loedaret,
415 1746 522 1810 largitur
535 1749 561 1796 in
574 1764 677 1807 servos,
690 1748 814 1812 qusntrim
827 1751 913 1799 aderat
925 1767 1008 1816 pecu·

93 1824 160 1872 nia:
178 1835 216 1888 et,
237 1822 279 1871 usi
299 1835 346 1884 qua
364 1820 488 1895 asportari
511 1833 628 1886 possent,
647 1822 696 1870 sibi
716 1838 843 1888 quemque
860 1821 989 1872 deducere
998 1853 1008 1878 ,

95 1895 142 1944 tris
154 1895 230 1944 mcdb
245 1892 352 1941 lectulos
371 1890 403 1940 ad
415 1907 533 1956 suprema
550 1894 676 1944 retinerin
689 1896 769 1957 iubet.
786 1900 860 1946 Tunc
875 1896 969 1945 eodem
981 1896 1007 1942 in

94 1966 225 2025 cubiculo,
240 1963 330 2014 eodem
339 1963 406 2013 t'erro
417 1964 570 2014 abscindunt
581 1982 658 2015 venas
667 2005 673 2021 .
683 1971 849 2035 properique,
861 1983 886 2018 et
896 1969 1006 2034 singulis

93 2039 208 2089 vestibus
217 2039 248 2087 ad
258 2036 439 2087 verecundiam
449 2039 540 2103 relati,
550 2041 646 2089 balneis
652 2038 813 2092 inferuntur:
826 2055 897 2109 pater
909 2044 1004 2100 liliam,

26 2125 31 2138 ⁴
95 2114 152 2161 aria
166 2125 284 2180 neptem.
296 2111 338 2160 ills
355 2124 475 2177 utrosque
488 2112 604 2171 intuens,
618 2127 644 2163 et
662 2119 778 2174 certatim
794 2127 927 2183 precantes
942 2116 1006 2162 «ls-

93 2185 163 2234 beoti
183 2186 271 2234 anime
287 2185 394 2234 celerem
408 2188 523 2246 exitum,
541 2200 569 2235 ut
589 2189 761 2253 relinquerent
782 2204 840 2236 suos
855 2185 1009 2254 superstites

28 2309 29 2312 ,
98 2270 125 2308 et
135 2262 270 2308 morituros
277 2275 302 2307 n.
313 2260 475 2322 Servaritque
482 2257 721 2308 ordinantor-runs:
731 2277 761 2308 ac
769 2262 853 2308 senior
859 2259 939 2326 priris,
948 2273 1003 2309 tum

94 2334 135 2381 cui
148 2333 229 2398 prima
242 2343 314 2388 ctat,
325 2333 530 2395 exstingnuntur.
540 2331 660 2380 Accussti
669 2346 727 2398 post
736 2335 904 2399 sepulturam,
913 2332 1004 2382 deere-

95 2416 217 2469 tumque,
232 2416 282 2453 uut
299 2419 368 2452 ruore
387 2404 510 2467 maiorum
523 2406 703 2470 punirentur».
714 2407 748 2455 Et
762 2408 830 2454 Nero
847 2408 1005 2462 intercessit,

97 2492 227 2530 ornortenr
239 2482 292 2527 sine
305 2479 421 2527 arbitron
439 2480 590 2544 permittens
601 2497 607 2526 :
620 2495 665 2539 ea,
678 2479 787 2529 cedibus
798 2479 919 2544 peractis,
931 2478 1005 2528 ludi·

95 2551 151 2600 bris
161 2553 356 2606 adiciebantur.

128 2625 191 2674 ΧΗ.
203 2619 232 2670 Ρ.
244 2625 333 2671 Gallus
345 2659 350 2677 .
364 2638 440 2686 eques
448 2625 593 2677 Romanus.
606 2625 676 2688 qnod
686 2627 766 2674 Fenio
776 2624 843 2673 linio
850 2626 970 2683 intimus,
980 2639 1006 2678 et

96 2695 186 2748 Veteri
196 2711 246 2744 non
257 2698 353 2743 alienus
362 2693 445 2744 inerat
454 2733 461 2752 ,
471 2699 535 2758 aqut
545 2710 620 2762 atque
628 2700 680 2763 igni
689 2700 836 2763 prohibitus
843 2710 891 2747 est.
901 2699 1006 2749 Liberto

96 2779 123 2816 et
132 2768 270 2815 accusatori
280 2783 306 2832 pr
312 2771 412 2815 aurbun
422 2783 517 2831 operar,
530 2769 601 2819 locus
611 2773 636 2820 in
648 2770 746 2820 theatro
758 2774 823 2820 iuter
831 2773 942 2820 viatores
955 2774 1004 2821 tri·

96 2840 209 2891 bunitios
223 2837 305 2888 datur.
321 2841 352 2889 lit
365 2841 458 2890 mensis
469 2877 475 2896 .
486 2843 531 2906 qui
539 2842 671 2910 Aprilem,
685 2845 845 2910 eundemque
855 2835 1004 2895 Neroneum

97 2914 263 2976 sequebatur,
279 2912 360 2970 Maius
380 2915 491 2967 Claudii
500 2951 509 2974 ,
524 2917 615 2965 lunius
634 2920 793 2968 Germanici
804 2916 935 2966 vocabulis
947 2934 1004 2966 mu·

97 2996 201 3035 tantur:
223 2985 373 3036 testificante
389 2991 508 3038 Cornelio
529 2992 624 3044 Orfito.
643 2991 688 3054 qui
709 2991 735 3039 id
755 3005 903 3049 censuerat,
925 2993 1004 3043 nideo

99 3057 202 3108 lunium
214 3075 326 3109 mensem
341 3065 518 3130 transnrissurp
532 3068 591 3129 qnia
600 3063 651 3112 dno
662 3063 710 3126 ism
719 3067 856 3130 Torquati,
866 3067 901 3115 ob
912 3068 1003 3116 seelera

98 3133 224 3183 interiecti
233 3171 241 3196 ,
250 3135 388 3184 infaustum
400 3153 495 3186 nomen
506 3139 609 3187 lunium
619 3135 738 3186 iecissent
745 3156 770 3187 n.

133 3205 209 3254 xlii.
222 3206 272 3256 Tot
283 3207 437 3258 facinoribus
449 3209 544 3260 fredum
559 3227 653 3259 annum
667 3214 745 3262 erisur
759 3211 796 3260 slii
810 3215 1002 3278 tempestatibus

100 3287 129 3352 ‚⁸⁸
138 3277 236 3332 nornis
245 3281 406 3348 insignirire.
418 3284 523 3340 Vastats
535 3283 672 3354 Campanis
685 3286 787 3342 turbine
801 3297 949 3349 ventorum,
961 3290 1004 3352 qni
