2100 3709
87 78 137 131 dal
354 92 359 100 ⁴
400 102 426 138 c.
451 104 545 141 enarr.
568 92 682 143 rictrr

117 175 236 229 xtvttt.
248 177 307 229 Piso
318 198 400 231 unum
410 196 434 231 et
445 187 600 235 tricesimum
608 190 789 237 eutitanunm
800 186 937 254 explebit,
951 180 1031 233 find

89 252 207 308 meliore,
221 252 296 316 quim
307 254 418 305 iortnud.
428 257 530 307 Fratres
541 262 594 320 eins
604 276 723 326 inagnum
733 262 869 315 Claudius,
885 262 1028 308 Crassum

83 324 157 372 Nero
172 323 359 377 interfecerant.
373 327 430 394 Ipse
443 331 487 379 diti
501 335 589 393 exsul,
601 335 735 398 quatriduo
748 336 847 393 Caesar,
861 332 1025 399 properati

89 396 225 462 adoptione
241 400 274 447 ad
286 401 334 449 boc
346 402 446 451 tantiun
457 408 547 469 majori
560 404 629 455 fratri
641 410 756 473 prelatus
768 420 817 466 est,
835 419 862 455 ut
875 408 959 472 prior
976 419 1024 451 oc·

89 471 268 523 cideretur.'1'.
283 476 373 523 Vinius
390 472 573 541 quinquaginta
592 492 688 547 septem
701 498 779 529 anuos
792 482 870 529 trariis
884 479 1024 527 moribus

87 545 146 607 egit.
156 544 229 594 Pater
237 547 275 594 illi
284 546 298 592 ὲ
307 549 421 612 pretorii
431 550 535 605 tamtus.
543 564 671 601 maternus
678 553 760 601 arnse
769 553 935 617 proscriptis.
947 550 1026 598 Pri-

82 618 130 681 ,mti
143 620 234 667 militiai
247 619 360 685 inbutis,
372 626 484 687 legatum
495 627 633 675 Calvisium
644 628 763 676 Sabinum
776 626 903 675 babuerat
916 623 1024 687 :cujus

91 692 239 750 mou-malti
248 695 367 757 cupidine
375 696 475 745 risendi
485 702 563 747 situm
571 712 722 755 castrorum,
731 716 775 765 per
783 710 887 747 noctem
898 695 1026 747 militari

87 762 178 815 babitu
193 769 318 831 ingressa,
333 786 412 835 quum
428 773 529 837 vigilias
546 782 574 823 et
589 787 671 824 cetera
690 776 785 822 militia
803 774 890 821 munia
912 770 1021 821 eidem

87 836 189 907 lascis-id
201 842 362 900 temerdsset,
373 847 401 894 in
413 846 473 910 ipsis
485 848 618 914 principiis
629 860 745 915 stuprum
757 864 829 909 ausa,
843 860 870 895 et
882 846 1020 894 criminin

88 908 163 970 buius
174 930 230 961 reus
241 915 273 963 T.
288 917 380 965 Vinius
390 919 551 984 arguebatur.
562 920 627 984 lgitu
636 919 708 985 jussu
722 922 752 969 Ο.
764 920 865 971 Castris
874 930 1018 968 oneratus

88 987 198 1043 catenis,
205 1003 264 1034 mox
272 992 412 1040 mutatione
423 1003 566 1058 temporum
575 992 703 1056 dimissus,
710 1010 786 1041 cursu
794 993 925 1042 bonorum
935 990 1020 1041 inof-

88 1056 176 1117 lenso,
189 1061 289 1126 legioni
302 1076 361 1129 post
377 1079 511 1131 picturam
529 1070 693 1132 prepositus,
708 1068 897 1134 probatusque:
913 1066 1017 1115 servili

90 1132 208 1199 deinceps
217 1138 311 1200 probro
321 1155 447 1204 respersus
456 1153 507 1198 est,
518 1154 638 1205 tanquam
648 1140 774 1208 scypbum
785 1154 887 1189 uncum
894 1140 924 1187 iu
936 1156 1015 1187 con-

89 1208 157 1253 vitio
170 1208 269 1257 Claudii
278 1209 390 1264 iuratust
403 1225 430 1277 ct
439 1215 563 1264 Claudius
575 1214 677 1280 posteri
687 1214 728 1263 die
738 1216 786 1261 soli
794 1212 910 1261 omnium
920 1212 1013 1263 Vinio

88 1278 210 1330 fictilibus
222 1283 451 1350 ministrarijussit.
462 1289 512 1337 Sed
521 1289 612 1337 Vinius
620 1289 800 1353 proconsulatu
809 1286 921 1335 Galliam
932 1286 1013 1333 Nar·

87 1355 227 1405 bonensem
237 1357 323 1407 severii
333 1361 482 1426 integreque
491 1364 559 1410 rexit
570 1380 576 1409 z
589 1376 648 1410 mox
658 1362 743 1410 Galba
751 1356 891 1409 amicitidin
899 1359 1011 1424 abrup-

85 1440 141 1477 tum
153 1442 257 1492 tractus,
270 1433 358 1493 audax,
367 1435 483 1498 callidus,
495 1446 644 1501 promptus,
657 1446 682 1483 et
694 1446 772 1499 prout
780 1434 892 1481 animum
903 1434 1006 1481 inteu-

51 1553 56 1564 Ι
87 1502 184 1564 disset,
193 1523 286 1572 prttus
295 1521 340 1557 aut
350 1508 505 1570 industrius,
517 1508 606 1565 eidem
617 1510 652 1557 ri.
662 1509 852 1556 Testamentum
863 1506 894 1554 Τ.
908 1508 988 1555 Vinii
997 1542 1008 1565 ,

84 1579 260 1643 magnitudine
270 1596 365 1645 opum,
375 1581 484 1629 irritum·
494 1578 593 1629 Pisonis
606 1594 750 1645 supremam
760 1581 916 1629 votunmsm
926 1596 1003 1645 pau-

84 1666 167 1714 pertas
182 1654 301 1701 firmarit.
361 1693 365 1699 .

120 1724 216 1774 xttx.
232 1726 316 1774 Galba
331 1741 421 1791 corpus
436 1724 480 1775 did
495 1726 655 1793 neglectum,
672 1725 813 1775 uticencis
830 1727 1002 1778 tenebrarum
1038 1774 1039 1777 ,

80 1797 202 1861 ¹plurimis
212 1797 328 1847 ludibriis
337 1796 734 1864 vexatum,dispeusatorArgiua,
744 1798 758 1847 ὲ
767 1801 894 1863 prioribus
903 1803 997 1861 sertis,
1038 1810 1039 1819 ¹

85 1870 175 1918 burnili
187 1873 315 1936 sepulturi
325 1874 351 1920 in
361 1874 467 1937 privatis
479 1874 532 1934 eius
544 1872 626 1921 bortis
635 1875 756 1925 contexit.
768 1875 861 1939 Caput,
871 1890 917 1938 per
926 1876 998 1923 lixas

83 1948 235 2009 calonesque
247 1947 363 1995 suffixum
379 1949 582 2013 laceratumque,
601 1962 659 1999 ante
676 1950 790 1999 Patrobii
805 1950 933 1999 tumulum
944 1949 998 2015 (ti-

83 2016 171 2066 bertus
182 2018 203 2066 is
212 2018 334 2075 Neronis,
346 2022 449 2085 punitus
458 2021 473 2069 l
481 2022 562 2072 Galbd
572 2021 662 2088 iuerat)
672 2021 772 2087 posteri
781 2022 884 2069 demum
894 2022 936 2069 die
949 2038 995 2069 re·

84 2102 201 2156 pertum,
213 2105 239 2141 et
247 2102 360 2144 cremato
371 2094 422 2158 jam
431 2098 532 2161 corpori
542 2096 683 2145 admixtum
693 2108 739 2145 cst.
752 2098 826 2144 Hunc
835 2098 935 2145 exitum
944 2094 994 2143 ha-

81 2165 137 2213 buit
149 2167 203 2215 Ser.
217 2168 314 2229 Galba,
332 2169 413 2216 tribus
426 2180 451 2217 et
467 2162 626 2235 septuaginta
638 2170 723 2230 annis,
739 2172 849 2233 quinque
861 2170 994 2234 principes

81 2240 201 2304 prosperi
214 2240 314 2290 lortn'nd
326 2258 441 2290 emensus
449 2244 493 2303 ,et
505 2243 589 2290 alieno
599 2242 706 2307 imperio
716 2239 826 2301 felicior,
841 2242 917 2305 quirin
929 2247 991 2291 'auo-

59 2334 64 2341 ·
81 2313 164 2360 Vetus
175 2315 199 2359 in
210 2313 306 2363 lamilitl
317 2316 452 2374 nobilitas,
462 2332 627 2381 magnaopcs
639 2331 644 2361 :
657 2314 704 2379 ipsi
717 2314 829 2365 medium
842 2316 992 2379 ingenium,

81 2378 161 2451 inagis
179 2399 249 2435 extra
263 2388 340 2447 vitia,
360 2388 435 2453 qu'atn
446 2405 506 2437 cum
522 2389 666 2437 virtutibus.
677 2387 759 2434 Fama
771 2403 817 2435 nec
830 2388 972 2435 incuriosus
984 2424 992 2447 ,

80 2479 128 2510 nec
136 2462 288 2511 venditator.
298 2463 411 2511 Pecunia
421 2464 508 2511 aliena
518 2478 569 2510 uon
578 2474 707 2529 appetent,
715 2477 765 2508 sua
774 2478 871 2527 parcus,
878 2462 992 2527 publicae

81 2556 182 2590 aratus.
198 2540 346 2589 Amicorum
360 2536 575 2602 libertorumque,
587 2539 629 2586 ubi
642 2539 668 2585 in
680 2538 760 2585 bonos
771 2537 913 2595 incidisset,
928 2537 986 2588 aine

82 2614 278 2678 reprehensione
292 2616 406 2677 patieus5
419 2614 440 2661 si
449 2613 510 2659 mali
519 2610 613 2672 toi-ent,
628 2610 749 2675 usquead
762 2614 861 2676 culpam
872 2614 988 2676 ignarus.

81 2688 132 2734 St‘tl
143 2690 242 2736 claritas
253 2690 389 2751 natalitnn,
403 2686 428 2735 tit
437 2698 519 2734 metus
529 2697 671 2750 temporum
679 2686 808 2744 obtentui,
816 2686 917 2751 utquod
926 2702 986 2751 seg·

80 2763 144 2810 uitia
161 2772 226 2815 erat,
239 2759 360 2825 snpientia
370 2773 513 2809 vocaretur.
523 2760 591 2808 Dum
604 2761 703 2824 rigebat
714 2772 785 2819 atas,
797 2760 900 2808 militari
909 2762 988 2811 laude

80 2834 148 2900 apud
156 2833 402 2883 Germaniasssoruit.
410 2834 561 2883 Proccrrsule
567 2833 678 2883 Africam
685 2832 824 2898 moderate3
833 2834 883 2895 jam
890 2834 984 2893 senior,

80 2911 223 2956 citeriorem
237 2908 383 2971 Hispaniam
393 2908 549 2972 pari-justitid
559 2909 700 2956 continuit:
711 2908 790 2969 maior
799 2906 895 2971 privato
906 2908 984 2967 risus,

80 2984 146 3039 dnm⁴
154 2983 265 3047 privatus
277 2978 341 3040 luit,
355 2994 382 3031 et
393 2983 509 3032 omniurn
520 2997 643 3029 consensu
654 2998 733 3047 capax
748 2981 859 3047 imperii;
871 2980 920 3029 nisi
932 2980 983 3028 im·

78 3059 200 3125 prrdsset.
294 3122 297 3125 ἢ
812 3122 815 3127 1
866 3075 868 3081 ’

111 3136 139 3180 L.
152 3129 287 3197 Trepidam
299 3130 402 3189 urbem,
413 3145 442 3177 ae
454 3128 528 3177 simul
537 3129 696 3179 atrocitatem
707 3129 813 3178 recentis
822 3128 935 3185 sceleris,
947 3129 982 3177 si-

79 3210 131 3254 mul
141 3220 234 3253 veteres
241 3204 349 3252 Othonis
357 3218 438 3250 mores
445 3213 590 3266 patentem,
599 3218 679 3251 novus
686 3204 789 3266 insuper
796 3219 808 3249 c
816 3200 979 3253 deVitellion

78 3282 181 3329 nuntius
191 3278 327 3335 exterruit,
342 3275 502 3325 antecedens
513 3275 600 3323 Gallie
610 3290 770 3340 suppressus,
785 3286 813 3321 ut
825 3273 979 3324 tautimtut·
1007 3309 1009 3315 ·

77 3356 157 3413 perior
163 3356 184 3403 ‘u
193 3351 334 3403 Germanic
343 3346 626 3425 exercitumdesciriue
636 3348 790 3401 crederetur·
800 3348 867 3401 Turn
877 3346 972 3412 stlatis,
