2100 3709
327 80 505 121 auuanruu
521 83 587 121 aaa.
605 86 654 146 rr..
905 67 954 140 51⁴

44 170 936 249 resurgentesinAfriciacerrimoministeriosdrersaecmremjuvit:

43 244 92 301 nor
104 252 210 299 Brutum
222 259 249 297 et
261 248 376 297 Cassium
388 258 503 314 secutus,
516 264 637 300 concesso
646 250 745 312 reditu,
757 259 878 319 petitione
890 262 939 312 bo-

42 340 122 377 uorum
140 322 280 379 abstinuit,
297 322 377 371 donec
394 322 463 371 ultro
485 322 624 373 ambiretur
643 323 757 375 delatum
776 331 808 376 ab
824 331 939 400 Augusto

42 396 190 461 consulatum
200 398 324 461 accipere.
334 390 382 444 Sed
391 407 480 460 praeter
487 394 608 463 paternos
616 396 733 463 spiritus,
745 405 833 453 uxoris
840 422 940 473 quaqua

43 472 156 521 Plancina
168 469 304 517 nobilitate
319 480 344 517 et
358 468 450 535 opibus
462 468 647 521 accendebatur
659 489 666 521 z
677 472 722 521 rix
732 472 838 524 Tiberio
846 493 940 532 conce.

42 544 102 609 dere;
116 546 214 595 liberos
226 544 281 609 ejus
292 554 319 592 nt
331 544 440 593 multum
453 544 516 594 inira
533 544 692 613 despectsr03
708 563 756 595 nea
772 547 880 604 dubium
890 554 940 605 ha.

42 622 124 679 bebat,
139 636 165 669 se
178 618 318 677 delectum,
333 619 376 683 qui
389 619 464 685 Syria
476 618 665 685 imponeretur,
676 620 711 669 ad
722 636 778 686 spos
793 620 941 680 Germanioi

43 694 184 744 coercendas
195 690 337 741 :credidere
344 690 449 756 qnidam
460 692 517 740 data
527 703 553 741 et
561 691 575 741 ir
584 689 687 743 Tiberio
695 696 795 745 occulta
803 698 939 753 mandata:

43 781 62 817 tt
73 768 217 817 Plancinam
234 765 302 815 haud
320 764 395 815 dubit
408 766 522 832 Angusta
536 767 636 817 monuit
649 769 767 819 muliebri
777 771 940 829 emulatione

42 842 199 909 Agrippinam
219 838 359 890 insectandi
377 858 384 890 z
405 840 486 890 divisa
503 837 611 907 namqu's
630 854 657 891 et
675 842 847 896 dioecesanis
865 864 939 919 erat,

42 916 113 965 tacitis
123 916 148 964 in
158 911 269 965 Drusum
280 928 323 964 aut
332 915 516 984 Germanicum
525 915 624 966 studiis.
635 916 755 967 Tiberius
765 932 794 968 nt
803 910 938 989 proprium

42 1002 62 1057 et
76 990 113 1038 aui
129 990 257 1055 sanguinis
274 992 386 1039 Drusum
404 988 505 1039 larebat
523 1008 530 1037 ε
548 988 700 1041 Germanico
718 992 840 1041 alienatio
853 1000 938 1061 patrui

41 1083 140 1117 amorem
153 1066 221 1132 aptud
237 1078 334 1116 ceteros
347 1068 449 1137 auxerat
462 1089 468 1130 ;
487 1078 513 1116 et
529 1069 589 1132 quia
605 1066 758 1118 claritudine
771 1074 879 1120 materni
889 1090 938 1139 ge-

18 1156 19 1159 *
41 1141 97 1187 neris
116 1138 246 1197 anteibat,
271 1156 347 1188 aarum
371 1140 407 1187 M.
429 1141 585 1191 Antonium.
614 1144 769 1191 avunculum
793 1146 936 1210 Augustum

40 1214 110 1263 ferens
128 1232 133 1261 :
150 1226 240 1263 contra
254 1216 341 1263 Druso
357 1230 466 1279 proavus
482 1232 557 1281 eques
575 1218 705 1264 Romanus
720 1216 876 1282 Pomponius
890 1223 938 1272 At·

41 1292 92 1337 ticus
102 1285 224 1353 dedecere
235 1286 412 1343 Claudiorum,
420 1290 543 1353 imagines
559 1288 709 1338 videbatur:
722 1301 749 1337 et
761 1294 854 1351 coniux
869 1296 938 1346 Ger.

41 1363 119 1410 manici
138 1356 281 1427 Agrippina
301 1352 456 1409 fecunditate
474 1378 502 1407 ac
521 1362 587 1409 rama
607 1361 708 1409 Liviam
730 1376 838 1412 uxorem
860 1368 939 1421 Drnri
973 1409 977 1419 ,

41 1434 203 1502 precellebat:
218 1432 264 1479 sed
274 1431 366 1480 iratres
380 1430 479 1495 egregii
494 1431 646 1487 concordes,
660 1442 686 1479 et
698 1433 873 1495 proximorum
884 1458 939 1491 cer.
969 1476 977 1496 ¹,

42 1506 163 1557 tantinibus
182 1504 341 1553 inconcussi.

63 1580 151 1631 XLIV.
171 1580 225 1627 Nec
246 1576 327 1625 multo
341 1572 402 1689 prist
419 1575 517 1625 Drusus
537 1576 565 1626 r'n
583 1576 716 1641 Illyricum
734 1578 826 1628 missus
838 1591 892 1640 ast,
910 1596 940 1634 nt

40 1656 154 1694 suesceret
170 1642 282 1707 militiae,
299 1652 338 1690 stu
359 1644 429 1706 inque
448 1628 575 1691 exet-citit
592 1655 710 1709 pararet5
723 1644 801 1691 simul
818 1647 937 1708 juvenem

39 1716 126 1766 urbano
134 1718 196 1764 luxu
204 1716 376 1764 lasm'vientern
386 1714 478 1764 meliirs
489 1716 515 1764 in
524 1717 614 1764 castris
622 1716 710 1766 baberi
717 1718 851 1776 Tiberine}
860 1734 940 1786 seque*

39 1793 151 1841 tutiorem
164 1790 273 1845 rebatur,
284 1798 390 1853 utroque
400 1790 453 1837 lilio
461 1790 574 1855 legiones
580 1791 719 1840 obtinente.
730 1792 938 1861 SedSustiprae.

37 1864 198 1914 tendebantur
208 1862 329 1927 auxilium
339 1860 458 1911 adversus
468 1864 610 1914 Cheruscos
621 1876 722 1914 orantes
737 1881 743 1912 τ
756 1882 815 1913 nam
824 1866 937 1919 discessu

37 1941 201 1987 Romanorum
211 1972 217 1993 ,
229 1950 256 1983 ac
267 1936 337 1985 vacui
345 1948 451 1985 caterno
461 1949 545 1999 metu,
554 1941 636 2004 gentis
645 1939 830 1998 adsuetudine,
842 1954 868 1989 et
879 1955 936 1994 tum

37 2012 187 2063 emulatione
196 2010 290 2075 gloriae,
300 2026 367 2059 arma
379 2010 406 2059 in
417 2028 442 2059 sc
451 2024 564 2062 veterent
574 2033 580 2062 ε
593 2017 632 2064 vis
641 2017 775 2063 nationum
796 2016 876 2065 virtus
885 2017 937 2068 dtr-

18 2092 19 2125 t
37 2103 86 2135 cum
100 2090 127 2136 in
141 2100 211 2149 aequo
224 2102 230 2131 ε
242 2083 286 2131 sed
298 2082 483 2157 Maroboduum
494 2090 560 2152 regis
571 2103 665 2135 nomen
679 2089 789 2135 invisum
805 2090 874 2152 apud
887 2107 937 2156 po.

18 2168 19 2227 J
36 2165 140 2229 putares,
154 2160 298 2209 Arminium
308 2174 354 2223 pro
363 2158 480 2209 libertate
490 2160 629 2210 bellantem
638 2162 710 2209 iaror
719 2160 838 2212 babebat.

18 2240 20 2275 ἴ
59 2236 138 2284 XLV.
155 2228 302 2298 igitur'n'on
320 2230 396 2280 modo
413 2233 536 2283 Cherusci
548 2238 659 2300 sociique
675 2250 781 2295 eorum,
800 2245 871 2281 retus
882 2231 941 2285 Arss

36 2310 101 2357 minii
116 2307 205 2364 miles,
222 2305 350 2370 sumpsere
368 2306 465 2356 bellum
483 2325 488 2357 :
504 2308 572 2357 sede
591 2316 670 2375 regno
688 2310 765 2355 etiam
784 2308 937 2359 Marobodui

36 2383 112 2432 Saeva
120 2393 219 2447 gentes.
229 2380 384 2438 Semnones,
397 2396 426 2429 ac
436 2381 597 2447 Langobardi
606 2420 611 2437 ,
624 2380 739 2429 deiecere
749 2379 780 2425 ad
793 2396 851 2427 enm
863 2399 870 2428 ε
881 2383 937 2445 qui·

18 2454 22 2463 ⁴
35 2454 75 2502 bns
85 2454 178 2502 additis
188 2451 366 2519 praepollebat,
379 2452 407 2496 ni
416 2449 593 2513 lnguiomenrs
603 2466 662 2496 curn
673 2465 751 2495 manu
759 2449 892 2496 clientium
904 2452 938 2499 ad

18 2530 20 2537 ’
35 2528 216 2577 Maroboduum
234 2524 405 2590 perl'ugisset3
426 2538 477 2571 non
497 2522 574 2572 aliam
596 2523 629 2570 ob
649 2534 768 2577 cansam,
785 2518 860 2581 quim
877 2525 938 2587 quia

34 2602 109 2650 fratris
119 2602 172 2649 filio
183 2600 269 2665 juveni
283 2610 385 2663 patruus
396 2612 471 2645 senex
482 2613 570 2663 parere
579 2594 774 2661 dedignabatur.
785 2594 937 2659 Duigttntur

19 2680 20 2687 ³
35 2679 90 2725 acies
101 2678 158 2743 pari
167 2678 294 2737 utrunque
303 2690 361 2739 spe,
373 2666 434 2732 nco‘,
448 2684 477 2722 ut
488 2674 551 2723 oiim
563 2672 632 2739 apud
642 2671 795 2729 Germanos,
811 2674 879 2739 ragis
892 2676 936 2726 in-

35 2752 155 2805 cursibus.
169 2760 213 2797 aut
225 2747 340 2811 disjectas
353 2764 398 2813 per
409 2760 522 2797 catervas
534 2767 540 2797 ε
551 2746 732 2814 qnippedongi
745 2746 878 2796 adversum
887 2767 936 2803 nos

33 2823 116 2873 nituit
133 2825 294 2872 insueverant
306 2823 378 2886 sequi
391 2823 477 2889 sigua,
491 2822 610 2872 subsidiis
622 2822 735 2881 finnari,
746 2820 813 2869 dicta
825 2822 938 2888 impera·
980 2826 984 2832 “

18 2890 109 2947 *torum
122 2897 249 2963 accipere.
268 2897 302 2947 Ar
318 2908 379 2945 tunc
392 2897 523 2948 Arminius
541 2914 606 2962 equo
616 2897 770 2945 collustrant
788 2908 892 2962 cuncta,
905 2912 937 2950 ut

18 2964 20 2997 ³
33 2989 137 3038 aprosque
146 2970 270 3021 advectus
285 2984 338 3021 erat
352 2990 365 3025 ι,
374 2972 569 3037 aReciperatam
577 2972 733 3027 libertatem,
749 2970 887 3021 trucidatae
896 2973 937 3022 le-

32 3048 125 3108 giones,
142 3044 224 3111 spolia
240 3043 323 3093 adbuc
336 3056 362 3093 et
379 3044 428 3094 tela
442 3046 564 3093 Romania
576 3044 679 3110 derepta
691 3044 718 3091 in
735 3044 851 3093 manilius
867 3046 936 3092 rnul-

18 3122 106 3167 'tcrum
114 3156 124 3179 ,
141 3117 307 3170 ostentabat
322 3135 329 3167 .·
345 3117 433 3167 contra
443 3119 558 3183 fugacem
571 3116 758 3168 Maroboduum
773 3118 934 3187 appellarant
1002 3121 1004 3124 '

32 3194 168 3256 praeliorum
179 3187 326 3257 expertem,
342 3192 474 3257 Hercynia
484 3192 594 3241 latebris
611 3191 758 3246 defensum,
772 3206 802 3237 aa
816 3204 878 3235 mox
891 3201 937 3249 per

18 3248 87 3316 idonn
100 3277 128 3315 et
138 3266 279 3331 legationes
290 3268 409 3331 petivisse
418 3265 513 3333 foedua3
525 3265 684 3333 proditorem
692 3265 793 3328 patriae,
802 3259 938 3307 satellitem

18 3326 129 3393 ’ternu
134 3378 143 3403 ‚
152 3339 224 3393 baud
237 3336 435 3391 ministraretur
444 3340 536 3389 animis
546 3327 940 3449 exturbandumbqnimvrrnra

778 3418 794 3453 a
