2100 3709
120 113 169 167 rso
426 121 461 186 xc.
481 110 575 159 conr.
593 118 708 160 rtcrrr

121 219 207 256 torum
224 200 370 258 obsederat,
386 216 438 250 non
451 204 556 252 occultis
568 203 658 268 gladiis
673 224 678 252 ι
698 187 855 269 dispersique
871 221 920 273 per
935 208 1002 258 sora
1015 223 1040 257 aa

120 281 252 338 basilicas,
265 278 338 326 cunei
354 277 477 326 militares
490 298 496 339 ;
517 277 585 326 iuter
595 295 703 342 quorum
714 278 881 345 adspectus'et
893 285 986 334 minas
997 288 1035 334 in·

120 355 198 420 gressi
209 353 305 402 curiam
320 363 457 418 senatores.
476 351 507 400 Et
520 352 600 400 oratio
613 353 732 418 principis
748 369 793 418 per
809 369 968 418 quaestorem
983 357 1035 418 eim

119 413 206 477 au'dita
224 437 263 476 est
280 443 286 475 t
306 426 405 476 nemine
429 425 580 474 nominatim
600 425 769 490 compellato,
786 439 871 492 patres
891 433 1035 494 arguebat,

120 500 212 566 «quod
223 501 417 566 publicamunia
429 499 584 557 desererent,
594 514 731 563 eorumque
743 501 859 566 exemplo
869 505 975 566 equites
988 506 1035 552 Rc·

120 577 189 624 maui
199 573 231 622 ed
242 575 374 638 segnitiam
384 583 555 622 verterentur.
568 573 667 620 Etenim
674 608 682 634 ,
697 572 760 636 quid
772 574 882 634 mirum,
897 575 911 623 l
923 577 1034 640 longin-

119 651 176 714 quis
190 648 327 713 provinciis
338 643 406 694 haud
423 645 520 701 veniri,
532 661 611 716 quum
624 644 752 710 plerique,
762 645 847 712 adepti
863 649 1034 697 consulatum

120 733 146 770 et
165 719 319 777 sacerdotia,
339 716 472 766 bortorum
486 715 572 780 potius
588 717 730 766 amoenitati
748 719 899 773 inservirent
909 737 942 770 n:
962 723 1033 787 quod

118 793 190 842 velut
200 792 279 840 telum
291 789 416 855 arripuere
426 800 594 836 accusatores.

151 865 277 915 XXVIII.
292 863 325 912 Et
335 863 435 911 initium
453 859 559 910 iaciente
572 863 733 923 Cossutiano,
754 864 848 929 maiore
866 867 1030 918 vi-Marcel·

117 941 172 1000 lus,
184 949 327 986 «summam
334 932 518 1000 rempublicam
527 935 588 998 agio
600 934 760 986 clamitabat:
774 940 957 988 «contumacia
966 941 1031 990 infe·

117 1012 212 1062 riorum
229 1011 359 1058 lenitatem
377 1005 546 1072 imperitantis
563 1005 687 1057 deminui.
704 1009 820 1059 NImirim
836 1012 912 1060 mites
922 1013 960 1062 ad
972 1031 1030 1063 eam

119 1086 187 1134 diem
196 1094 294 1150 patres,
305 1083 349 1146 qui
358 1081 495 1130 Thraseam
502 1080 684 1153 desciscentem
691 1083 751 1148 ,ipsi
758 1100 876 1148 generum
886 1085 941 1150 ejus
950 1125 958 1144 ,
966 1089 1029 1136 Hel·

117 1158 217 1207 vidium
227 1157 353 1214 Priscum,
366 1159 391 1204 in
402 1154 492 1206 iisdem
502 1155 646 1216 furoribus,
664 1159 740 1207 simul
751 1159 888 1208 Paconium
901 1160 1028 1229 Agrippi·

118 1249 183 1283 num
193 1267 200 1291 ,
213 1231 309 1297 paterni
320 1231 345 1278 in
356 1229 483 1295 principes
494 1227 547 1278 odii
556 1228 690 1293 heredem,
705 1241 732 1279 et
740 1233 857 1280 CurtIurn
870 1231 1027 1284 Montanum

118 1307 151 1358 de
164 1305 266 1374 cotanda
283 1306 391 1354 earmina
402 1301 558 1352 lectitantern
566 1339 574 1366 ,
587 1304 691 1355 eludere
707 1307 810 1372 impune
827 1308 952 1357 sinerent.
973 1311 1027 1356 Re-

118 1321 217 1448 qurere
231 1397 257 1430 oe
270 1381 296 1428 in
314 1387 401 1427 eeurtu
411 1375 583 1439 consulatue,
603 1379 629 1426 in
642 1380 708 1430 rotis
721 1379 893 1445 sacerdotem,
908 1383 935 1430 in
953 1382 1028 1446 jure·

118 1455 224 1521 jurando
236 1455 318 1503 civem
331 1471 338 1500 r
350 1452 413 1510 niel,
426 1460 512 1498 contre
532 1449 648 1500 instituta
666 1464 693 1502 et
711 1454 867 1502 cerimoniae
879 1455 1026 1518 majorum,

116 1529 273 1596 proditorem
287 1527 371 1594 palim
384 1536 409 1574 et
428 1522 531 1572 bostem
548 1521 659 1574 Thrasea
677 1525 807 1575 induisset.
819 1526 1026 1594 Denique-agere

117 1616 274 1662 senatorem,
287 1613 313 1650 ct
325 1599 447 1666 principis
458 1599 640 1648 obtrectatum
651 1613 783 1667 protegere
794 1601 897 1661 solitus,
911 1604 1026 1658 veniret,

116 1687 243 1732 censeret,
252 1673 314 1740 quid
326 1672 431 1736 corrigi,
444 1671 593 1720 autmutari
604 1673 696 1722 vellet:
708 1671 806 1722 lacilirie
818 1675 963 1739 perlaturos
972 1677 1024 1724 sin·

117 1753 175 1817 gula
181 1745 447 1816 increpantem,qurlm
455 1761 523 1794 nunc
530 1747 660 1796 silentium
666 1747 896 1814 perferrentomnia
902 1748 1026 1798 damnen-

118 1826 161 1874 tis.
171 1825 261 1873 Pacem
274 1823 310 1870 illi
319 1835 364 1887 per
375 1819 464 1870 orbem
479 1829 559 1880 terre,
575 1837 606 1869 ιιι
622 1822 740 1869 victorias
751 1821 804 1869 sine
818 1819 912 1874 damno
926 1823 1023 1871 exerei-

53 1945 56 1952 ,
118 1910 205 1954 tuum,
218 1890 372 1961 displicere?
384 1891 423 1944 Ne
433 1892 580 1950 hominem,
592 1893 666 1943 bonis
679 1893 789 1958 publicis
797 1904 933 1955 moestum,
946 1896 1023 1960 etqui
1039 1938 1040 1941 ,

117 1971 172 2020 lora
182 2007 187 2026 ,
199 1969 295 2019 theatra
306 1965 416 2032 ,templa
428 1981 475 2030 pro
484 1965 623 2014 solitudine
631 1966 748 2025 baberet,
758 1967 802 2030 qui
813 1968 977 2020 minitaretur
985 1987 1025 2020 ex·
1039 1954 1040 1983 l

118 2046 203 2094 silium
213 2059 285 2092 suum
294 2077 301 2100 ,
310 2040 456 2090 ambitionis
462 2054 546 2104 prave
556 2051 700 2105 compotem
711 2038 832 2089 lacerent.
843 2040 904 2090 Nou
911 2041 954 2091 illi
964 2063 1025 2094 eon·
1038 2092 1039 2113 ,

118 2118 182 2169 sulte
194 2116 243 2169 Irae
251 2153 257 2176 ,
266 2132 316 2164 non
323 2114 495 2178 magistratus,
505 2124 550 2160 aut
557 2114 697 2161 Romanam
707 2102 796 2162 urbem
805 2112 898 2164 rideri.
908 2115 1024 2166 Abrnm·
1038 2124 1039 2127 ’

117 2201 188 2257 peret
198 2192 275 2238 ritem
284 2188 315 2237 ab
325 2187 354 2236 el
365 2187 481 2247 civitate,
493 2181 566 2249 ouius
575 2187 706 2237 caritatem
715 2188 794 2248 clia,
805 2201 873 2236 nuno
882 2199 909 2236 et
915 2188 1025 2257 adspec-

118 2275 172 2313 tum
189 2264 339 2310 assuisseto.

150 2335 249 2388 XXIX.
259 2336 345 2402 Quum
358 2351 402 2400 per
414 2331 466 2382 beo
477 2344 552 2398 atque
567 2330 626 2380 talia
637 2329 788 2400 blancollus,
798 2343 826 2382 ut
836 2344 890 2382 erat
899 2345 992 2385 torvus
1001 2346 1025 2384 et

87 2418 90 2424 '
117 2411 220 2474 minor,
233 2425 309 2468 roae,
323 2411 407 2472 vultu,
421 2407 501 2458 oculis
513 2406 668 2472 ardesceret3
678 2423 728 2455 non
737 2408 779 2456 Illa
790 2421 866 2470 ncta,
876 2420 902 2457 et
908 2411 1023 2460 celebri-

118 2496 167 2534 tate
176 2479 348 2551 periculorum
358 2492 427 2532 saneta
441 2480 492 2546 jam
503 2478 732 2544 senards'moestitia
742 2517 749 2539 ,
760 2481 804 2529 aed
814 2497 899 2530 novus
909 2493 935 2530 et
948 2484 1021 2531 altior
1035 2528 1036 2541 ,

116 2577 205 2627 pavor,
216 2573 305 2608 manus
315 2557 398 2626 etrele
410 2556 520 2605 militum
531 2554 694 2604 cernentibus
706 2573 711 2604 ι
724 2556 799 2603 simul
812 2556 894 2620 ipsius
905 2555 1021 2605 Thrasea

117 2634 268 2683 venerabilis
276 2632 371 2697 species
380 2630 561 2679 obversabatur
571 2648 577 2676 r
591 2639 617 2677 et
625 2639 711 2688 erant,
721 2630 766 2692 qui
775 2645 791 2677 o
799 2627 947 2680 IIeledium
955 2647 1020 2695 quo·

117 2723 184 2771 quer
205 2706 397 2754 miserarentur:
419 2704 545 2756 oInuoxie
559 2702 685 2752 affinitatis
704 2719 790 2768 poenas
807 2701 935 2752 daturum.
954 2702 1035 2775 Quiri

116 2779 258 2844 Agrippino
268 2775 464 2838 obiectum,‘nisi
475 2777 572 2824 tristem
581 2765 813 2840 patritiortunam?
821 2777 924 2840 quando
931 2790 959 2826 et
969 2781 1020 2833 ille,

118 2850 222 2919 perinde
237 2853 368 2907 innocens,
376 2849 473 2898 Tiberii
485 2848 579 2898 savitisl
589 2847 752 2898 concidisset.
764 2849 902 2898 Enimvero
914 2851 1017 2901 Monta·

117 2941 178 2978 num
188 2923 401 2990 prolixiorem,
416 2938 496 2987 neque
510 2923 600 2971 famosi
616 2925 748 2988 carminIe,
758 2924 816 2987 quia
830 2924 967 2989 protulerit
977 2927 1017 2974 in·

117 3001 217 3066 genium
227 3036 234 3058 ,
243 3010 371 3049 extorrem
383 2999 455 3063 agio.

109 3105 112 3109 -
149 3073 234 3122 XXX.
248 3070 331 3136 Atque
343 3072 443 3120 interim
457 3071 573 3121 Ostorius
584 3071 703 3132 Sabinus,
720 3070 807 3119 Sorani
819 3075 964 3133 accusator,
976 3075 1016 3122 in·
1031 3090 1032 3096 ¹

116 3145 242 3212 graditur,
254 3143 402 3210 orditurque
419 3144 471 3194 ode
483 3146 593 3195 amicitiai
605 3143 715 3195 Rubellii
728 3145 819 3203 Plauti,
830 3144 949 3208 quidque
959 3147 1015 3212 pro·
1030 3100 1033 3215 i

117 3219 274 3268 consulatum
286 3216 351 3266 Asta
368 3217 492 3278 Soranus,
506 3237 553 3285 pro
567 3219 694 3280 claritate,
709 3220 757 3268 ribi
773 3220 858 3286 potibs
873 3235 1015 3270 accommo·

117 3293 218 3348 datum,
237 3289 312 3353 quim
329 3308 360 3338 ex
379 3290 487 3339 utilitate
506 3295 636 3342 communi
653 3297 758 3359 egisset,
771 3291 863 3342 alendo
882 3292 1014 3343 seditiones

117 3365 276 3414 civitatumo.
293 3363 384 3417 Vetera
404 3361 475 3415 hec:
498 3364 543 3418 sed
556 3385 664 3429 reeens,
680 3367 822 3424 discrimini
842 3368 923 3436 patria
939 3369 1012 3427 ttisr
