<?xml version="1.0" encoding="UTF-8"?>
<!DOCTYPE html PUBLIC "-//W3C//DTD XHTML 1.0 Transitional//EN"
    "http://www.w3.org/TR/xhtml1/DTD/xhtml1-transitional.dtd">
<html xmlns="http://www.w3.org/1999/xhtml" xml:lang="en" lang="en">
 <head>
  <title>
</title>
<meta http-equiv="Content-Type" content="text/html;charset=utf-8" />
  <meta name='ocr-system' content='tesseract 3.04.00' />
  <meta name='ocr-capabilities' content='ocr_page ocr_carea ocr_par ocr_line ocrx_word'/>
</head>
<body>
  <div class='ocr_page' id='page_1' title='image "./ccorntacitioper00brotgoog_0245.png"; bbox 0 0 2100 3709; ppageno 0'>
   <div class='ocr_carea' id='block_1_1' title="bbox 81 97 682 148">
    <p class='ocr_par' dir='ltr' id='par_1_1' title="bbox 81 97 682 148">
     <span class='ocr_line' id='line_1_1' title="bbox 81 97 682 148; baseline -0.013 0"><span class='ocrx_word' id='word_1_1' title='bbox 81 97 140 148; x_wconf 68' lang='lat' dir='ltr'>nbi</span> <span class='ocrx_word' id='word_1_2' title='bbox 405 103 430 143; x_wconf 77' lang='lat' dir='ltr'>e.</span> <span class='ocrx_word' id='word_1_3' title='bbox 449 99 682 142; x_wconf 67' lang='lat' dir='ltr'>conmiserat</span> 
     </span>
    </p>
   </div>
   <div class='ocr_carea' id='block_1_2' title="bbox 22 181 1040 3326">
    <p class='ocr_par' dir='ltr' id='par_1_2' title="bbox 90 181 1007 251">
     <span class='ocr_line' id='line_1_2' title="bbox 90 181 1007 251; baseline -0.01 -13"><span class='ocrx_word' id='word_1_4' title='bbox 90 191 144 245; x_wconf 82' lang='lat' dir='ltr'>vis,</span> <span class='ocrx_word' id='word_1_5' title='bbox 158 197 216 236; x_wconf 85' lang='lat' dir='ltr'>vota</span> <span class='ocrx_word' id='word_1_6' title='bbox 224 181 350 247; x_wconf 74' lang='lat' dir='ltr'>llomulo,</span> <span class='ocrx_word' id='word_1_7' title='bbox 362 182 502 251; x_wconf 72' lang='lat' dir='ltr'>Numaque</span> <span class='ocrx_word' id='word_1_8' title='bbox 511 187 593 251; x_wconf 88' lang='lat' dir='ltr'>regia,</span> <span class='ocrx_word' id='word_1_9' title='bbox 603 197 629 234; x_wconf 90' lang='lat' dir='ltr'>et</span> <span class='ocrx_word' id='word_1_10' title='bbox 639 184 774 234; x_wconf 82' lang='lat' dir='ltr'>delubrum</span> <span class='ocrx_word' id='word_1_11' title='bbox 782 182 865 235; x_wconf 81' lang='lat' dir='ltr'>Vestae</span> <span class='ocrx_word' id='word_1_12' title='bbox 874 200 935 235; x_wconf 87' lang='lat' dir='ltr'>oum</span> <span class='ocrx_word' id='word_1_13' title='bbox 944 183 1007 239; x_wconf 69' lang='lat' dir='ltr'>Pe:</span> 
     </span>
    </p>

    <p class='ocr_par' dir='ltr' id='par_1_3' title="bbox 66 257 1004 690">
     <span class='ocr_line' id='line_1_3' title="bbox 66 257 1004 324; baseline -0.005 -11"><span class='ocrx_word' id='word_1_14' title='bbox 66 274 68 278; x_wconf 89' lang='grc'><strong>’</strong></span> <span class='ocrx_word' id='word_1_15' title='bbox 85 261 193 314; x_wconf 80' lang='lat' dir='ltr'>nantibus</span> <span class='ocrx_word' id='word_1_16' title='bbox 205 257 294 324; x_wconf 87' lang='lat' dir='ltr'>populi</span> <span class='ocrx_word' id='word_1_17' title='bbox 306 260 431 318; x_wconf 85' lang='lat' dir='ltr'>Romani,</span> <span class='ocrx_word' id='word_1_18' title='bbox 445 269 543 306; x_wconf 57' lang='lat' dir='ltr'>exuste</span> <span class='ocrx_word' id='word_1_19' title='bbox 557 258 613 306; x_wconf 86' lang='lat' dir='ltr'>Jam</span> <span class='ocrx_word' id='word_1_20' title='bbox 625 274 687 324; x_wconf 91' lang='lat' dir='ltr'>opes</span> <span class='ocrx_word' id='word_1_21' title='bbox 701 268 740 306; x_wconf 88' lang='lat' dir='ltr'>tot</span> <span class='ocrx_word' id='word_1_22' title='bbox 751 257 863 306; x_wconf 84' lang='lat' dir='ltr'>victoriis</span> <span class='ocrx_word' id='word_1_23' title='bbox 874 262 1004 322; x_wconf 73' lang='lat' dir='ltr'>quesitae,</span> 
     </span>
     <span class='ocr_line' id='line_1_4' title="bbox 88 331 1003 395; baseline -0.004 -9"><span class='ocrx_word' id='word_1_24' title='bbox 88 349 116 386; x_wconf 90' lang='lat' dir='ltr'>et</span> <span class='ocrx_word' id='word_1_25' title='bbox 129 337 274 384; x_wconf 80' lang='lat' dir='ltr'>Graecarum</span> <span class='ocrx_word' id='word_1_26' title='bbox 286 335 379 383; x_wconf 83' lang='lat' dir='ltr'>artium</span> <span class='ocrx_word' id='word_1_27' title='bbox 393 331 496 393; x_wconf 86' lang='lat' dir='ltr'>decora,</span> <span class='ocrx_word' id='word_1_28' title='bbox 511 334 570 380; x_wconf 81' lang='lat' dir='ltr'>exin</span> <span class='ocrx_word' id='word_1_29' title='bbox 582 344 745 380; x_wconf 88' lang='lat' dir='ltr'>monumenta</span> <span class='ocrx_word' id='word_1_30' title='bbox 759 333 918 395; x_wconf 80' lang='lat' dir='ltr'>ingeniorum</span> <span class='ocrx_word' id='word_1_31' title='bbox 929 337 1003 382; x_wconf 85' lang='lat' dir='ltr'>suti-</span> 
     </span>
     <span class='ocr_line' id='line_1_5' title="bbox 89 403 1004 473; baseline -0.002 -17"><span class='ocrx_word' id='word_1_32' title='bbox 89 425 139 473; x_wconf 87' lang='lat' dir='ltr'>qua</span> <span class='ocrx_word' id='word_1_33' title='bbox 151 413 178 456; x_wconf 89' lang='lat' dir='ltr'>et</span> <span class='ocrx_word' id='word_1_34' title='bbox 188 406 335 471; x_wconf 86' lang='lat' dir='ltr'>incorrupta</span> <span class='ocrx_word' id='word_1_35' title='bbox 342 441 349 464; x_wconf 93' lang='lat'>,</span> <span class='ocrx_word' id='word_1_36' title='bbox 362 403 476 470; x_wconf 79' lang='lat' dir='ltr'>quamvis</span> <span class='ocrx_word' id='word_1_37' title='bbox 489 403 514 452; x_wconf 90' lang='lat' dir='ltr'>in</span> <span class='ocrx_word' id='word_1_38' title='bbox 527 404 596 453; x_wconf 78' lang='lat' dir='ltr'>tanti</span> <span class='ocrx_word' id='word_1_39' title='bbox 607 405 761 470; x_wconf 82' lang='lat' dir='ltr'>resurgentia</span> <span class='ocrx_word' id='word_1_40' title='bbox 771 405 842 452; x_wconf 91' lang='lat' dir='ltr'>urbis</span> <span class='ocrx_word' id='word_1_41' title='bbox 853 405 1004 469; x_wconf 55' lang='lat' dir='ltr'>pulchrius„</span> 
     </span>
     <span class='ocr_line' id='line_1_6' title="bbox 90 477 1003 544; baseline -0.003 -13"><span class='ocrx_word' id='word_1_42' title='bbox 90 481 162 542; x_wconf 90' lang='lat' dir='ltr'>dine,</span> <span class='ocrx_word' id='word_1_43' title='bbox 173 481 252 528; x_wconf 89' lang='lat' dir='ltr'>multa</span> <span class='ocrx_word' id='word_1_44' title='bbox 261 480 372 528; x_wconf 86' lang='lat' dir='ltr'>seniores</span> <span class='ocrx_word' id='word_1_45' title='bbox 380 478 563 534; x_wconf 85' lang='lat' dir='ltr'>meminerant,</span> <span class='ocrx_word' id='word_1_46' title='bbox 573 495 626 542; x_wconf 84' lang='lat' dir='ltr'>quae</span> <span class='ocrx_word' id='word_1_47' title='bbox 636 480 748 544; x_wconf 82' lang='lat' dir='ltr'>reparari</span> <span class='ocrx_word' id='word_1_48' title='bbox 759 479 906 541; x_wconf 76' lang='lat' dir='ltr'>nequibant.</span> <span class='ocrx_word' id='word_1_49' title='bbox 916 477 1003 544; x_wconf 66' lang='lat' dir='ltr'>Fuere</span> 
     </span>
     <span class='ocr_line' id='line_1_7' title="bbox 89 550 1004 620; baseline -0.004 -16"><span class='ocrx_word' id='word_1_50' title='bbox 89 556 133 620; x_wconf 90' lang='lat' dir='ltr'>qui</span> <span class='ocrx_word' id='word_1_51' title='bbox 144 553 308 612; x_wconf 69' lang='lat' dir='ltr'><strong>adnotarent,</strong></span> <span class='ocrx_word' id='word_1_52' title='bbox 321 562 412 616; x_wconf 84' lang='lat' dir='ltr'>quarto</span> <span class='ocrx_word' id='word_1_53' title='bbox 426 550 528 600; x_wconf 79' lang='lat' dir='ltr'>decimo</span> <span class='ocrx_word' id='word_1_54' title='bbox 538 551 667 602; x_wconf 83' lang='lat' dir='ltr'>Kalendas</span> <span class='ocrx_word' id='word_1_55' title='bbox 675 552 946 616; x_wconf 78' lang='lat' dir='ltr'>Sextilesprinoipium</span> <span class='ocrx_word' id='word_1_56' title='bbox 958 552 1004 600; x_wconf 93' lang='lat' dir='ltr'>in-</span> 
     </span>
     <span class='ocr_line' id='line_1_8' title="bbox 87 625 1003 690; baseline -0.005 -12"><span class='ocrx_word' id='word_1_57' title='bbox 87 627 172 678; x_wconf 75' lang='lat' dir='ltr'>cendii</span> <span class='ocrx_word' id='word_1_58' title='bbox 185 626 259 690; x_wconf 72' lang='lat' dir='ltr'>liuius</span> <span class='ocrx_word' id='word_1_59' title='bbox 270 638 368 686; x_wconf 88' lang='lat' dir='ltr'>ortum,</span> <span class='ocrx_word' id='word_1_60' title='bbox 382 641 432 688; x_wconf 94' lang='lat' dir='ltr'>quo</span> <span class='ocrx_word' id='word_1_61' title='bbox 444 636 470 673; x_wconf 86' lang='lat' dir='ltr'>et</span> <span class='ocrx_word' id='word_1_62' title='bbox 480 625 594 674; x_wconf 83' lang='lat' dir='ltr'>Senones</span> <span class='ocrx_word' id='word_1_63' title='bbox 610 637 711 690; x_wconf 83' lang='lat' dir='ltr'>captam</span> <span class='ocrx_word' id='word_1_64' title='bbox 721 625 810 673; x_wconf 89' lang='lat' dir='ltr'>urbem</span> <span class='ocrx_word' id='word_1_65' title='bbox 823 625 1003 674; x_wconf 81' lang='lat' dir='ltr'>inflammare·</span> 
     </span>
    </p>

    <p class='ocr_par' dir='ltr' id='par_1_4' title="bbox 76 695 1001 835">
     <span class='ocr_line' id='line_1_9' title="bbox 76 695 1001 763; baseline -0.003 -14"><span class='ocrx_word' id='word_1_66' title='bbox 76 713 157 750; x_wconf 66' lang='lat' dir='ltr'>aaut:</span> <span class='ocrx_word' id='word_1_67' title='bbox 165 701 207 750; x_wconf 84' lang='lat' dir='ltr'>alii</span> <span class='ocrx_word' id='word_1_68' title='bbox 216 699 246 751; x_wconf 77' lang='lat' dir='ltr'>ed</span> <span class='ocrx_word' id='word_1_69' title='bbox 253 715 331 763; x_wconf 90' lang='lat' dir='ltr'>usque</span> <span class='ocrx_word' id='word_1_70' title='bbox 338 697 396 748; x_wconf 83' lang='lat' dir='ltr'>euri</span> <span class='ocrx_word' id='word_1_71' title='bbox 404 695 531 762; x_wconf 70' lang='lat' dir='ltr'>progressi</span> <span class='ocrx_word' id='word_1_72' title='bbox 537 710 606 755; x_wconf 88' lang='lat' dir='ltr'>aunt,</span> <span class='ocrx_word' id='word_1_73' title='bbox 613 710 642 746; x_wconf 90' lang='lat' dir='ltr'>ut</span> <span class='ocrx_word' id='word_1_74' title='bbox 649 697 754 747; x_wconf 90' lang='lat' dir='ltr'>totidem</span> <span class='ocrx_word' id='word_1_75' title='bbox 761 713 841 746; x_wconf 88' lang='lat' dir='ltr'>annos</span> <span class='ocrx_word' id='word_1_76' title='bbox 848 711 1001 762; x_wconf 82' lang='lat' dir='ltr'>mensesque</span> 
     </span>
     <span class='ocr_line' id='line_1_10' title="bbox 86 769 655 835; baseline -0.004 -13"><span class='ocrx_word' id='word_1_77' title='bbox 86 785 114 824; x_wconf 91' lang='lat' dir='ltr'>et</span> <span class='ocrx_word' id='word_1_78' title='bbox 123 773 175 823; x_wconf 85' lang='lat' dir='ltr'>dies</span> <span class='ocrx_word' id='word_1_79' title='bbox 186 773 253 824; x_wconf 86' lang='lat' dir='ltr'>inter</span> <span class='ocrx_word' id='word_1_80' title='bbox 267 783 372 835; x_wconf 87' lang='lat' dir='ltr'>utraque</span> <span class='ocrx_word' id='word_1_81' title='bbox 384 769 500 820; x_wconf 81' lang='lat' dir='ltr'>incendia</span> <span class='ocrx_word' id='word_1_82' title='bbox 511 782 655 822; x_wconf 85' lang='lat' dir='ltr'>numerent.</span> 
     </span>
    </p>

    <p class='ocr_par' dir='ltr' id='par_1_5' title="bbox 74 844 1000 1061">
     <span class='ocr_line' id='line_1_11' title="bbox 74 844 1000 918; baseline -0.004 -20"><span class='ocrx_word' id='word_1_83' title='bbox 74 885 79 898; x_wconf 86' lang='lat'>.</span> <span class='ocrx_word' id='word_1_84' title='bbox 121 847 203 901; x_wconf 75' lang='lat' dir='ltr'>XLII.</span> <span class='ocrx_word' id='word_1_85' title='bbox 216 845 336 896; x_wconf 85' lang='lat' dir='ltr'>Ceterirm</span> <span class='ocrx_word' id='word_1_86' title='bbox 349 845 415 894; x_wconf 89' lang='lat' dir='ltr'>Nero</span> <span class='ocrx_word' id='word_1_87' title='bbox 429 861 488 918; x_wconf 84' lang='lat' dir='ltr'>napa</span> <span class='ocrx_word' id='word_1_88' title='bbox 503 856 542 894; x_wconf 83' lang='lat' dir='ltr'>ert</span> <span class='ocrx_word' id='word_1_89' title='bbox 556 845 642 909; x_wconf 74' lang='lat' dir='ltr'>patrie</span> <span class='ocrx_word' id='word_1_90' title='bbox 654 845 750 904; x_wconf 88' lang='lat' dir='ltr'>ruinis,</span> <span class='ocrx_word' id='word_1_91' title='bbox 761 846 937 908; x_wconf 69' lang='lat' dir='ltr'>exstruxitque</span> <span class='ocrx_word' id='word_1_92' title='bbox 948 844 1000 894; x_wconf 88' lang='lat' dir='ltr'>do-</span> 
     </span>
     <span class='ocr_line' id='line_1_12' title="bbox 86 909 999 985; baseline -0.007 -13"><span class='ocrx_word' id='word_1_93' title='bbox 86 938 169 979; x_wconf 78' lang='lat' dir='ltr'>mum,</span> <span class='ocrx_word' id='word_1_94' title='bbox 180 923 205 972; x_wconf 87' lang='lat' dir='ltr'>ln</span> <span class='ocrx_word' id='word_1_95' title='bbox 215 919 264 984; x_wconf 77' lang='lat' dir='ltr'>qul</span> <span class='ocrx_word' id='word_1_96' title='bbox 274 918 341 968; x_wconf 87' lang='lat' dir='ltr'>baud</span> <span class='ocrx_word' id='word_1_97' title='bbox 349 918 455 985; x_wconf 89' lang='lat' dir='ltr'>perinde</span> <span class='ocrx_word' id='word_1_98' title='bbox 463 934 568 984; x_wconf 66' lang='lat' dir='ltr'>gemmae</span> <span class='ocrx_word' id='word_1_99' title='bbox 576 930 604 966; x_wconf 88' lang='lat' dir='ltr'>et</span> <span class='ocrx_word' id='word_1_100' title='bbox 611 931 703 966; x_wconf 89' lang='lat' dir='ltr'>aurum</span> <span class='ocrx_word' id='word_1_101' title='bbox 712 919 835 970; x_wconf 82' lang='lat' dir='ltr'>miraculo</span> <span class='ocrx_word' id='word_1_102' title='bbox 845 930 931 968; x_wconf 86' lang='lat' dir='ltr'>essent</span> <span class='ocrx_word' id='word_1_103' title='bbox 938 909 999 976; x_wconf 74' lang='lat' dir='ltr'>,so-</span> 
     </span>
     <span class='ocr_line' id='line_1_13' title="bbox 86 990 998 1061; baseline -0.009 -13"><span class='ocrx_word' id='word_1_104' title='bbox 86 1001 131 1049; x_wconf 81' lang='lat' dir='ltr'>tin</span> <span class='ocrx_word' id='word_1_105' title='bbox 143 993 256 1061; x_wconf 78' lang='lat' dir='ltr'><strong>pridem,</strong></span> <span class='ocrx_word' id='word_1_106' title='bbox 268 1004 293 1041; x_wconf 90' lang='lat' dir='ltr'>et</span> <span class='ocrx_word' id='word_1_107' title='bbox 305 993 366 1042; x_wconf 82' lang='lat' dir='ltr'>luxu</span> <span class='ocrx_word' id='word_1_108' title='bbox 378 993 493 1057; x_wconf 83' lang='lat' dir='ltr'>vulgata,</span> <span class='ocrx_word' id='word_1_109' title='bbox 504 991 581 1056; x_wconf 77' lang='lat' dir='ltr'>quim</span> <span class='ocrx_word' id='word_1_110' title='bbox 590 1008 650 1040; x_wconf 73' lang='lat' dir='ltr'>asra</span> <span class='ocrx_word' id='word_1_111' title='bbox 662 1003 689 1039; x_wconf 93' lang='lat' dir='ltr'>et</span> <span class='ocrx_word' id='word_1_112' title='bbox 699 1003 799 1056; x_wconf 86' lang='lat' dir='ltr'>stagna,</span> <span class='ocrx_word' id='word_1_113' title='bbox 815 1003 843 1040; x_wconf 86' lang='lat' dir='ltr'>et</span> <span class='ocrx_word' id='word_1_114' title='bbox 852 993 879 1039; x_wconf 88' lang='lat' dir='ltr'>iu</span> <span class='ocrx_word' id='word_1_115' title='bbox 888 990 998 1040; x_wconf 88' lang='lat' dir='ltr'>modum</span> 
     </span>
    </p>

    <p class='ocr_par' dir='ltr' id='par_1_6' title="bbox 72 1063 999 1427">
     <span class='ocr_line' id='line_1_14' title="bbox 72 1063 998 1130; baseline 0.001 -19"><span class='ocrx_word' id='word_1_116' title='bbox 72 1102 77 1111; x_wconf 97' lang='lat'>.</span> <span class='ocrx_word' id='word_1_117' title='bbox 87 1064 404 1128; x_wconf 66' lang='lat' dir='ltr'>golitudinumbinesilrae,</span> <span class='ocrx_word' id='word_1_118' title='bbox 412 1063 472 1112; x_wconf 88' lang='lat' dir='ltr'>inde</span> <span class='ocrx_word' id='word_1_119' title='bbox 479 1077 563 1130; x_wconf 88' lang='lat' dir='ltr'>aperta</span> <span class='ocrx_word' id='word_1_120' title='bbox 571 1066 661 1129; x_wconf 86' lang='lat' dir='ltr'>spatia,</span> <span class='ocrx_word' id='word_1_121' title='bbox 668 1075 860 1130; x_wconf 84' lang='lat' dir='ltr'>etprospeotus:</span> <span class='ocrx_word' id='word_1_122' title='bbox 868 1065 998 1130; x_wconf 74' lang='lat' dir='ltr'>magistris</span> 
     </span>
     <span class='ocr_line' id='line_1_15' title="bbox 77 1134 997 1200; baseline -0.01 -8"><span class='ocrx_word' id='word_1_123' title='bbox 77 1156 115 1192; x_wconf 85' lang='lat' dir='ltr'>¹et</span> <span class='ocrx_word' id='word_1_124' title='bbox 126 1138 343 1190; x_wconf 83' lang='lat' dir='ltr'>machinatoribus</span> <span class='ocrx_word' id='word_1_125' title='bbox 353 1137 446 1185; x_wconf 82' lang='lat' dir='ltr'>Severo</span> <span class='ocrx_word' id='word_1_126' title='bbox 457 1148 484 1184; x_wconf 88' lang='lat' dir='ltr'>et</span> <span class='ocrx_word' id='word_1_127' title='bbox 494 1137 597 1196; x_wconf 83' lang='lat' dir='ltr'>Celere,</span> <span class='ocrx_word' id='word_1_128' title='bbox 610 1136 703 1200; x_wconf 90' lang='lat' dir='ltr'>quibus</span> <span class='ocrx_word' id='word_1_129' title='bbox 713 1135 841 1200; x_wconf 73' lang='lat' dir='ltr'>ingenium</span> <span class='ocrx_word' id='word_1_130' title='bbox 853 1146 880 1182; x_wconf 88' lang='lat' dir='ltr'>et</span> <span class='ocrx_word' id='word_1_131' title='bbox 890 1134 997 1183; x_wconf 87' lang='lat' dir='ltr'>audacia</span> 
     </span>
     <span class='ocr_line' id='line_1_16' title="bbox 87 1208 999 1276; baseline -0.01 -11"><span class='ocrx_word' id='word_1_132' title='bbox 87 1225 150 1276; x_wconf 85' lang='lat' dir='ltr'>esst,</span> <span class='ocrx_word' id='word_1_133' title='bbox 161 1213 301 1276; x_wconf 74' lang='lat' dir='ltr'>etiamque</span> <span class='ocrx_word' id='word_1_134' title='bbox 310 1220 399 1260; x_wconf 87' lang='lat' dir='ltr'>natura</span> <span class='ocrx_word' id='word_1_135' title='bbox 408 1208 592 1276; x_wconf 68' lang='lat' dir='ltr'>denegavisset,</span> <span class='ocrx_word' id='word_1_136' title='bbox 599 1226 646 1276; x_wconf 87' lang='lat' dir='ltr'>per</span> <span class='ocrx_word' id='word_1_137' title='bbox 654 1222 735 1258; x_wconf 86' lang='lat' dir='ltr'>artem</span> <span class='ocrx_word' id='word_1_138' title='bbox 746 1219 851 1265; x_wconf 90' lang='lat' dir='ltr'>tentare,</span> <span class='ocrx_word' id='word_1_139' title='bbox 862 1219 888 1255; x_wconf 90' lang='lat' dir='ltr'>et</span> <span class='ocrx_word' id='word_1_140' title='bbox 895 1208 999 1256; x_wconf 80' lang='lat' dir='ltr'>viribus</span> 
     </span>
     <span class='ocr_line' id='line_1_17' title="bbox 87 1280 994 1355; baseline -0.004 -21"><span class='ocrx_word' id='word_1_141' title='bbox 87 1286 210 1355; x_wconf 83' lang='lat' dir='ltr'>principis</span> <span class='ocrx_word' id='word_1_142' title='bbox 222 1284 338 1332; x_wconf 80' lang='lat' dir='ltr'>illudere.</span> <span class='ocrx_word' id='word_1_143' title='bbox 350 1284 464 1348; x_wconf 85' lang='lat' dir='ltr'>Namque</span> <span class='ocrx_word' id='word_1_144' title='bbox 477 1284 531 1352; x_wconf 79' lang='lat' dir='ltr'>«ab</span> <span class='ocrx_word' id='word_1_145' title='bbox 539 1285 596 1332; x_wconf 87' lang='lat' dir='ltr'>laon</span> <span class='ocrx_word' id='word_1_146' title='bbox 605 1285 709 1332; x_wconf 80' lang='lat' dir='ltr'>Averno</span> <span class='ocrx_word' id='word_1_147' title='bbox 719 1282 887 1346; x_wconf 76' lang='lat' dir='ltr'>navigabilem</span> <span class='ocrx_word' id='word_1_148' title='bbox 898 1280 994 1330; x_wconf 85' lang='lat' dir='ltr'>fossam</span> 
     </span>
     <span class='ocr_line' id='line_1_18' title="bbox 87 1355 996 1427; baseline -0.01 -15"><span class='ocrx_word' id='word_1_149' title='bbox 87 1359 208 1427; x_wconf 84' lang='lat' dir='ltr'>usquead</span> <span class='ocrx_word' id='word_1_150' title='bbox 217 1361 281 1409; x_wconf 88' lang='lat' dir='ltr'>ostia</span> <span class='ocrx_word' id='word_1_151' title='bbox 292 1359 413 1410; x_wconf 80' lang='lat' dir='ltr'>Tiberina</span> <span class='ocrx_word' id='word_1_152' title='bbox 423 1359 608 1425; x_wconf 74' lang='lat' dir='ltr'>depressuros»</span> <span class='ocrx_word' id='word_1_153' title='bbox 619 1357 803 1423; x_wconf 86' lang='lat' dir='ltr'>promiserant,</span> <span class='ocrx_word' id='word_1_154' title='bbox 812 1356 937 1421; x_wconf 80' lang='lat' dir='ltr'>squalenti</span> <span class='ocrx_word' id='word_1_155' title='bbox 948 1355 996 1403; x_wconf 87' lang='lat' dir='ltr'>lit·</span> 
     </span>
    </p>

    <p class='ocr_par' dir='ltr' id='par_1_7' title="bbox 75 1427 1040 1787">
     <span class='ocr_line' id='line_1_19' title="bbox 75 1427 1040 1500; baseline -0.009 -16"><span class='ocrx_word' id='word_1_156' title='bbox 75 1448 157 1500; x_wconf 76' lang='lat' dir='ltr'>:tore,</span> <span class='ocrx_word' id='word_1_157' title='bbox 170 1444 213 1484; x_wconf 89' lang='lat' dir='ltr'>aut</span> <span class='ocrx_word' id='word_1_158' title='bbox 224 1449 268 1498; x_wconf 88' lang='lat' dir='ltr'>per</span> <span class='ocrx_word' id='word_1_159' title='bbox 278 1443 379 1482; x_wconf 87' lang='lat' dir='ltr'>montes</span> <span class='ocrx_word' id='word_1_160' title='bbox 390 1432 509 1482; x_wconf 87' lang='lat' dir='ltr'>adversos</span> <span class='ocrx_word' id='word_1_161' title='bbox 525 1449 532 1480; x_wconf 90' lang='lat'>:</span> <span class='ocrx_word' id='word_1_162' title='bbox 550 1431 711 1495; x_wconf 86' lang='lat' dir='ltr'>nequeenim</span> <span class='ocrx_word' id='word_1_163' title='bbox 723 1428 792 1477; x_wconf 87' lang='lat' dir='ltr'>aliud</span> <span class='ocrx_word' id='word_1_164' title='bbox 804 1427 938 1476; x_wconf 88' lang='lat' dir='ltr'>humidum</span> <span class='ocrx_word' id='word_1_165' title='bbox 953 1430 996 1493; x_wconf 87' lang='lat' dir='ltr'>gi·</span> <span class='ocrx_word' id='word_1_166' title='bbox 1039 1468 1040 1497; x_wconf 61' lang='lat'>,</span> 
     </span>
     <span class='ocr_line' id='line_1_20' title="bbox 86 1499 1040 1574; baseline -0.01 -16"><span class='ocrx_word' id='word_1_167' title='bbox 86 1507 193 1574; x_wconf 81' lang='lat' dir='ltr'>guendis</span> <span class='ocrx_word' id='word_1_168' title='bbox 204 1505 275 1569; x_wconf 86' lang='lat' dir='ltr'>aquis</span> <span class='ocrx_word' id='word_1_169' title='bbox 285 1505 405 1560; x_wconf 82' lang='lat' dir='ltr'>occurrit,</span> <span class='ocrx_word' id='word_1_170' title='bbox 415 1503 490 1569; x_wconf 83' lang='lat' dir='ltr'>quim</span> <span class='ocrx_word' id='word_1_171' title='bbox 501 1503 641 1569; x_wconf 72' lang='lat' dir='ltr'>Pomptinae</span> <span class='ocrx_word' id='word_1_172' title='bbox 649 1501 766 1567; x_wconf 87' lang='lat' dir='ltr'>paludes:</span> <span class='ocrx_word' id='word_1_173' title='bbox 776 1499 861 1550; x_wconf 81' lang='lat' dir='ltr'>cetera</span> <span class='ocrx_word' id='word_1_174' title='bbox 869 1500 994 1566; x_wconf 89' lang='lat' dir='ltr'>abrupta,</span> <span class='ocrx_word' id='word_1_175' title='bbox 1039 1502 1040 1505; x_wconf 71' lang='grc'>’</span> 
     </span>
     <span class='ocr_line' id='line_1_21' title="bbox 86 1575 993 1644; baseline -0.011 -12"><span class='ocrx_word' id='word_1_176' title='bbox 86 1594 130 1632; x_wconf 86' lang='lat' dir='ltr'>aut</span> <span class='ocrx_word' id='word_1_177' title='bbox 139 1581 234 1632; x_wconf 84' lang='lat' dir='ltr'>arentia</span> <span class='ocrx_word' id='word_1_178' title='bbox 246 1596 251 1626; x_wconf 92' lang='lat'><strong>:</strong></span> <span class='ocrx_word' id='word_1_179' title='bbox 261 1594 291 1628; x_wconf 87' lang='lat' dir='ltr'>ae</span> <span class='ocrx_word' id='word_1_180' title='bbox 298 1581 319 1627; x_wconf 91' lang='lat' dir='ltr'>si</span> <span class='ocrx_word' id='word_1_181' title='bbox 327 1579 456 1644; x_wconf 82' lang='lat' dir='ltr'>perrumpi</span> <span class='ocrx_word' id='word_1_182' title='bbox 466 1589 585 1642; x_wconf 84' lang='lat' dir='ltr'>possent,</span> <span class='ocrx_word' id='word_1_183' title='bbox 596 1575 772 1623; x_wconf 89' lang='lat' dir='ltr'>intolerandus</span> <span class='ocrx_word' id='word_1_184' title='bbox 781 1575 868 1638; x_wconf 87' lang='lat' dir='ltr'>labor,</span> <span class='ocrx_word' id='word_1_185' title='bbox 876 1589 922 1621; x_wconf 86' lang='lat' dir='ltr'>nee</span> <span class='ocrx_word' id='word_1_186' title='bbox 931 1575 993 1622; x_wconf 89' lang='lat' dir='ltr'>satis</span> 
     </span>
     <span class='ocr_line' id='line_1_22' title="bbox 83 1646 992 1712; baseline -0.01 -8"><span class='ocrx_word' id='word_1_187' title='bbox 83 1672 173 1706; x_wconf 73' lang='lat' dir='ltr'>eausa.</span> <span class='ocrx_word' id='word_1_188' title='bbox 183 1654 252 1704; x_wconf 84' lang='lat' dir='ltr'>Nero</span> <span class='ocrx_word' id='word_1_189' title='bbox 261 1663 359 1705; x_wconf 86' lang='lat' dir='ltr'>tamen.</span> <span class='ocrx_word' id='word_1_190' title='bbox 369 1661 397 1698; x_wconf 89' lang='lat' dir='ltr'>ut</span> <span class='ocrx_word' id='word_1_191' title='bbox 406 1660 461 1696; x_wconf 85' lang='lat' dir='ltr'>erat</span> <span class='ocrx_word' id='word_1_192' title='bbox 470 1647 657 1696; x_wconf 81' lang='lat' dir='ltr'>incredibilium</span> <span class='ocrx_word' id='word_1_193' title='bbox 667 1650 778 1711; x_wconf 82' lang='lat' dir='ltr'>cupitor,</span> <span class='ocrx_word' id='word_1_194' title='bbox 787 1646 897 1695; x_wconf 82' lang='lat' dir='ltr'>effodere</span> <span class='ocrx_word' id='word_1_195' title='bbox 907 1649 992 1712; x_wconf 80' lang='lat' dir='ltr'>proxi·</span> 
     </span>
     <span class='ocr_line' id='line_1_23' title="bbox 84 1718 1040 1787; baseline -0.013 -10"><span class='ocrx_word' id='word_1_196' title='bbox 84 1741 126 1777; x_wconf 84' lang='lat' dir='ltr'>ma</span> <span class='ocrx_word' id='word_1_197' title='bbox 138 1726 242 1776; x_wconf 85' lang='lat' dir='ltr'>Averno</span> <span class='ocrx_word' id='word_1_198' title='bbox 253 1721 309 1785; x_wconf 83' lang='lat' dir='ltr'>juga</span> <span class='ocrx_word' id='word_1_199' title='bbox 321 1719 446 1772; x_wconf 80' lang='lat' dir='ltr'>connixus</span> <span class='ocrx_word' id='word_1_200' title='bbox 457 1731 496 1768; x_wconf 86' lang='lat' dir='ltr'>est</span> <span class='ocrx_word' id='word_1_201' title='bbox 506 1737 512 1766; x_wconf 92' lang='lat'><strong>:</strong></span> <span class='ocrx_word' id='word_1_202' title='bbox 524 1730 677 1781; x_wconf 86' lang='lat' dir='ltr'>manentque</span> <span class='ocrx_word' id='word_1_203' title='bbox 689 1718 794 1782; x_wconf 85' lang='lat' dir='ltr'>vestigia</span> <span class='ocrx_word' id='word_1_204' title='bbox 807 1718 885 1767; x_wconf 78' lang='lat' dir='ltr'>irritae</span> <span class='ocrx_word' id='word_1_205' title='bbox 896 1720 960 1784; x_wconf 87' lang='lat' dir='ltr'>spei.</span> <span class='ocrx_word' id='word_1_206' title='bbox 1039 1760 1040 1787; x_wconf 59' lang='lat'>,</span> 
     </span>
    </p>

    <p class='ocr_par' dir='ltr' id='par_1_8' title="bbox 74 1789 1040 2967">
     <span class='ocr_line' id='line_1_24' title="bbox 115 1789 992 1858; baseline -0.011 -9"><span class='ocrx_word' id='word_1_207' title='bbox 115 1797 212 1848; x_wconf 78' lang='lat' dir='ltr'>XLIII.</span> <span class='ocrx_word' id='word_1_208' title='bbox 220 1791 349 1855; x_wconf 78' lang='lat' dir='ltr'>Ceterum,</span> <span class='ocrx_word' id='word_1_209' title='bbox 358 1789 427 1840; x_wconf 90' lang='lat' dir='ltr'>urbis</span> <span class='ocrx_word' id='word_1_210' title='bbox 435 1807 488 1855; x_wconf 79' lang='lat' dir='ltr'>quae</span> <span class='ocrx_word' id='word_1_211' title='bbox 494 1789 583 1840; x_wconf 90' lang='lat' dir='ltr'>domui</span> <span class='ocrx_word' id='word_1_212' title='bbox 589 1801 746 1858; x_wconf 87' lang='lat' dir='ltr'>supererant,</span> <span class='ocrx_word' id='word_1_213' title='bbox 754 1807 815 1851; x_wconf 90' lang='lat' dir='ltr'>nou,</span> <span class='ocrx_word' id='word_1_214' title='bbox 825 1802 917 1857; x_wconf 88' lang='lat' dir='ltr'>utpost</span> <span class='ocrx_word' id='word_1_215' title='bbox 926 1792 992 1841; x_wconf 88' lang='lat' dir='ltr'>Gal-</span> 
     </span>
     <span class='ocr_line' id='line_1_25' title="bbox 83 1864 993 1931; baseline -0.01 -10"><span class='ocrx_word' id='word_1_216' title='bbox 83 1871 133 1921; x_wconf 85' lang='lat' dir='ltr'>lica</span> <span class='ocrx_word' id='word_1_217' title='bbox 141 1869 254 1920; x_wconf 70' lang='lat' dir='ltr'>incendia</span> <span class='ocrx_word' id='word_1_218' title='bbox 261 1902 269 1928; x_wconf 89' lang='lat'>,</span> <span class='ocrx_word' id='word_1_219' title='bbox 276 1865 348 1914; x_wconf 79' lang='lat' dir='ltr'>nulli</span> <span class='ocrx_word' id='word_1_220' title='bbox 357 1864 522 1912; x_wconf 85' lang='lat' dir='ltr'>distinetione</span> <span class='ocrx_word' id='word_1_221' title='bbox 530 1890 541 1925; x_wconf 82' lang='lat'>,=</span> <span class='ocrx_word' id='word_1_222' title='bbox 548 1881 596 1914; x_wconf 88' lang='lat' dir='ltr'>neo</span> <span class='ocrx_word' id='word_1_223' title='bbox 604 1864 700 1931; x_wconf 87' lang='lat' dir='ltr'>passim</span> <span class='ocrx_word' id='word_1_224' title='bbox 708 1877 792 1914; x_wconf 85' lang='lat' dir='ltr'>erecta</span> <span class='ocrx_word' id='word_1_225' title='bbox 799 1901 808 1926; x_wconf 95' lang='lat'>,</span> <span class='ocrx_word' id='word_1_226' title='bbox 816 1865 861 1914; x_wconf 88' lang='lat' dir='ltr'>sed</span> <span class='ocrx_word' id='word_1_227' title='bbox 871 1865 993 1913; x_wconf 85' lang='lat' dir='ltr'>dimensis</span> 
     </span>
     <span class='ocr_line' id='line_1_26' title="bbox 83 1935 1039 2003; baseline -0.004 -11"><span class='ocrx_word' id='word_1_228' title='bbox 83 1948 197 1994; x_wconf 77' lang='lat' dir='ltr'>sitorum</span> <span class='ocrx_word' id='word_1_229' title='bbox 203 1937 344 1988; x_wconf 85' lang='lat' dir='ltr'>ordinibus.</span> <span class='ocrx_word' id='word_1_230' title='bbox 351 1935 441 1983; x_wconf 82' lang='lat' dir='ltr'>stlatis</span> <span class='ocrx_word' id='word_1_231' title='bbox 450 1937 547 1984; x_wconf 82' lang='lat' dir='ltr'>viarum</span> <span class='ocrx_word' id='word_1_232' title='bbox 555 1938 650 2003; x_wconf 86' lang='lat' dir='ltr'>spatiis,</span> <span class='ocrx_word' id='word_1_233' title='bbox 657 1937 819 2002; x_wconf 72' lang='lat' dir='ltr'>cohibitique</span> <span class='ocrx_word' id='word_1_234' title='bbox 828 1937 993 1988; x_wconf 69' lang='lat' dir='ltr'>edificiorum</span> <span class='ocrx_word' id='word_1_235' title='bbox 1038 1974 1039 1979; x_wconf 62' lang='lat'>,</span> 
     </span>
     <span class='ocr_line' id='line_1_27' title="bbox 83 2005 1039 2078; baseline -0.009 -11"><span class='ocrx_word' id='word_1_236' title='bbox 83 2014 231 2069; x_wconf 74' lang='lat' dir='ltr'>altitudine,</span> <span class='ocrx_word' id='word_1_237' title='bbox 243 2026 271 2059; x_wconf 86' lang='lat' dir='ltr'>an</span> <span class='ocrx_word' id='word_1_238' title='bbox 280 2005 412 2075; x_wconf 78' lang='lat' dir='ltr'>patefactis</span> <span class='ocrx_word' id='word_1_239' title='bbox 420 2010 493 2070; x_wconf 87' lang='lat' dir='ltr'>areis,</span> <span class='ocrx_word' id='word_1_240' title='bbox 505 2009 649 2076; x_wconf 87' lang='lat' dir='ltr'>additisque</span> <span class='ocrx_word' id='word_1_241' title='bbox 659 2012 807 2078; x_wconf 88' lang='lat' dir='ltr'>porticibus,</span> <span class='ocrx_word' id='word_1_242' title='bbox 817 2029 871 2076; x_wconf 77' lang='lat' dir='ltr'>qna</span> <span class='ocrx_word' id='word_1_243' title='bbox 880 2011 993 2061; x_wconf 74' lang='lat' dir='ltr'>bootem</span> <span class='ocrx_word' id='word_1_244' title='bbox 1038 2008 1039 2011; x_wconf 66' lang='grc'>’</span> 
     </span>
     <span class='ocr_line' id='line_1_28' title="bbox 83 2050 1039 2154; baseline -0.004 -13"><span class='ocrx_word' id='word_1_245' title='bbox 83 2091 223 2141; x_wconf 78' lang='lat' dir='ltr'>insularum</span> <span class='ocrx_word' id='word_1_246' title='bbox 235 2095 404 2152; x_wconf 86' lang='lat' dir='ltr'>protegerent.</span> <span class='ocrx_word' id='word_1_247' title='bbox 415 2086 482 2134; x_wconf 78' lang='lat' dir='ltr'>allas</span> <span class='ocrx_word' id='word_1_248' title='bbox 493 2088 607 2152; x_wconf 84' lang='lat' dir='ltr'>porticus</span> <span class='ocrx_word' id='word_1_249' title='bbox 615 2085 694 2141; x_wconf 84' lang='lat' dir='ltr'>Nero</span> <span class='ocrx_word' id='word_1_250' title='bbox 705 2087 750 2136; x_wconf 80' lang='lat' dir='ltr'>sui</span> <span class='ocrx_word' id='word_1_251' title='bbox 761 2085 868 2154; x_wconf 71' lang='lat' dir='ltr'>pecuniis</span> <span class='ocrx_word' id='word_1_252' title='bbox 877 2098 993 2136; x_wconf 82' lang='lat' dir='ltr'>exstrue-</span> <span class='ocrx_word' id='word_1_253' title='bbox 1038 2050 1039 2137; x_wconf 83' lang='lat' dir='ltr'>l</span> 
     </span>
     <span class='ocr_line' id='line_1_29' title="bbox 83 2157 1039 2228; baseline -0.006 -15"><span class='ocrx_word' id='word_1_254' title='bbox 83 2176 184 2223; x_wconf 90' lang='lat' dir='ltr'>turum,</span> <span class='ocrx_word' id='word_1_255' title='bbox 197 2170 363 2228; x_wconf 82' lang='lat' dir='ltr'>purgatasque</span> <span class='ocrx_word' id='word_1_256' title='bbox 377 2174 446 2208; x_wconf 85' lang='lat' dir='ltr'>areas</span> <span class='ocrx_word' id='word_1_257' title='bbox 458 2157 569 2208; x_wconf 89' lang='lat' dir='ltr'>dominis</span> <span class='ocrx_word' id='word_1_258' title='bbox 585 2159 738 2209; x_wconf 84' lang='lat' dir='ltr'>traditurum</span> <span class='ocrx_word' id='word_1_259' title='bbox 747 2178 772 2222; x_wconf 73' lang='lat' dir='ltr'>t),</span> <span class='ocrx_word' id='word_1_260' title='bbox 792 2160 921 2226; x_wconf 85' lang='lat' dir='ltr'>pollicitus</span> <span class='ocrx_word' id='word_1_261' title='bbox 939 2165 990 2208; x_wconf 84' lang='lat' dir='ltr'>est.</span> <span class='ocrx_word' id='word_1_262' title='bbox 1038 2192 1039 2207; x_wconf 58' lang='lat'>.</span> 
     </span>
     <span class='ocr_line' id='line_1_30' title="bbox 83 2226 1040 2304; baseline -0.008 -17"><span class='ocrx_word' id='word_1_263' title='bbox 83 2235 191 2288; x_wconf 86' lang='lat' dir='ltr'>Addidit</span> <span class='ocrx_word' id='word_1_264' title='bbox 200 2234 300 2304; x_wconf 72' lang='lat' dir='ltr'>praemia</span> <span class='ocrx_word' id='word_1_265' title='bbox 308 2267 315 2291; x_wconf 94' lang='lat'>‚</span> <span class='ocrx_word' id='word_1_266' title='bbox 324 2248 371 2298; x_wconf 88' lang='lat' dir='ltr'>pro</span> <span class='ocrx_word' id='word_1_267' title='bbox 381 2231 501 2296; x_wconf 78' lang='lat' dir='ltr'>cujusque</span> <span class='ocrx_word' id='word_1_268' title='bbox 513 2232 617 2292; x_wconf 89' lang='lat' dir='ltr'>ordine,</span> <span class='ocrx_word' id='word_1_269' title='bbox 629 2246 654 2282; x_wconf 92' lang='lat' dir='ltr'>et</span> <span class='ocrx_word' id='word_1_270' title='bbox 666 2235 703 2284; x_wconf 88' lang='lat' dir='ltr'>rei</span> <span class='ocrx_word' id='word_1_271' title='bbox 714 2233 844 2284; x_wconf 83' lang='lat' dir='ltr'>familiaris</span> <span class='ocrx_word' id='word_1_272' title='bbox 853 2234 931 2298; x_wconf 84' lang='lat' dir='ltr'>copiis</span> <span class='ocrx_word' id='word_1_273' title='bbox 942 2250 948 2280; x_wconf 75' lang='grc' dir='ltr'>ι</span> <span class='ocrx_word' id='word_1_274' title='bbox 958 2233 991 2280; x_wconf 85' lang='lat' dir='ltr'>li·</span> <span class='ocrx_word' id='word_1_275' title='bbox 1038 2226 1040 2287; x_wconf 76' lang='lat' dir='ltr'>l</span> 
     </span>
     <span class='ocr_line' id='line_1_31' title="bbox 82 2304 991 2374; baseline -0.007 -14"><span class='ocrx_word' id='word_1_276' title='bbox 82 2311 197 2374; x_wconf 85' lang='lat' dir='ltr'>nivitque</span> <span class='ocrx_word' id='word_1_277' title='bbox 206 2319 314 2372; x_wconf 80' lang='lat' dir='ltr'>tempus,</span> <span class='ocrx_word' id='word_1_278' title='bbox 322 2308 387 2356; x_wconf 89' lang='lat' dir='ltr'>intra</span> <span class='ocrx_word' id='word_1_279' title='bbox 395 2304 464 2370; x_wconf 86' lang='lat' dir='ltr'>quod</span> <span class='ocrx_word' id='word_1_280' title='bbox 474 2305 569 2356; x_wconf 82' lang='lat' dir='ltr'>effectis</span> <span class='ocrx_word' id='word_1_281' title='bbox 579 2307 697 2356; x_wconf 88' lang='lat' dir='ltr'>domibus</span> <span class='ocrx_word' id='word_1_282' title='bbox 706 2320 749 2356; x_wconf 88' lang='lat' dir='ltr'>aut</span> <span class='ocrx_word' id='word_1_283' title='bbox 761 2308 860 2372; x_wconf 85' lang='lat' dir='ltr'>insulis,</span> <span class='ocrx_word' id='word_1_284' title='bbox 868 2306 991 2372; x_wconf 81' lang='lat' dir='ltr'>adipisce-</span> 
     </span>
     <span class='ocr_line' id='line_1_32' title="bbox 82 2378 990 2446; baseline -0.008 -12"><span class='ocrx_word' id='word_1_285' title='bbox 82 2396 180 2436; x_wconf 80' lang='lat' dir='ltr'>rentur.</span> <span class='ocrx_word' id='word_1_286' title='bbox 191 2399 207 2432; x_wconf 79' lang='lat' dir='ltr'>n</span> <span class='ocrx_word' id='word_1_287' title='bbox 214 2379 307 2430; x_wconf 85' lang='lat' dir='ltr'>Ruderi</span> <span class='ocrx_word' id='word_1_288' title='bbox 318 2378 465 2446; x_wconf 77' lang='lat' dir='ltr'>arripiendo</span> <span class='ocrx_word' id='word_1_289' title='bbox 475 2381 605 2430; x_wconf 84' lang='lat' dir='ltr'>Ostienses</span> <span class='ocrx_word' id='word_1_290' title='bbox 615 2380 719 2446; x_wconf 89' lang='lat' dir='ltr'>paludes</span> <span class='ocrx_word' id='word_1_291' title='bbox 727 2381 990 2444; x_wconf 79' lang='lat' dir='ltr'>destinabot‚utique</span> 
     </span>
     <span class='ocr_line' id='line_1_33' title="bbox 83 2451 990 2521; baseline -0.009 -12"><span class='ocrx_word' id='word_1_292' title='bbox 83 2475 173 2520; x_wconf 86' lang='lat' dir='ltr'>nares,</span> <span class='ocrx_word' id='word_1_293' title='bbox 184 2471 237 2521; x_wconf 68' lang='lat' dir='ltr'>quae</span> <span class='ocrx_word' id='word_1_294' title='bbox 252 2451 407 2506; x_wconf 87' lang='lat' dir='ltr'>lrumentum</span> <span class='ocrx_word' id='word_1_295' title='bbox 417 2453 506 2502; x_wconf 88' lang='lat' dir='ltr'>Tiberi</span> <span class='ocrx_word' id='word_1_296' title='bbox 518 2454 720 2516; x_wconf 83' lang='lat' dir='ltr'>subvectassent,</span> <span class='ocrx_word' id='word_1_297' title='bbox 734 2464 831 2502; x_wconf 76' lang='lat' dir='ltr'>onusta</span> <span class='ocrx_word' id='word_1_298' title='bbox 841 2453 930 2502; x_wconf 89' lang='lat' dir='ltr'>rudere</span> <span class='ocrx_word' id='word_1_299' title='bbox 941 2452 990 2501; x_wconf 89' lang='lat' dir='ltr'>de-</span> 
     </span>
     <span class='ocr_line' id='line_1_34' title="bbox 83 2528 1039 2603; baseline -0.003 -22"><span class='ocrx_word' id='word_1_300' title='bbox 83 2543 222 2585; x_wconf 79' lang='lat' dir='ltr'>currerent.</span> <span class='ocrx_word' id='word_1_301' title='bbox 235 2528 398 2592; x_wconf 79' lang='lat' dir='ltr'>AEdrficiaque</span> <span class='ocrx_word' id='word_1_302' title='bbox 408 2530 475 2593; x_wconf 86' lang='lat' dir='ltr'>ipsa,</span> <span class='ocrx_word' id='word_1_303' title='bbox 488 2529 558 2578; x_wconf 79' lang='lat' dir='ltr'>eertl</span> <span class='ocrx_word' id='word_1_304' title='bbox 569 2529 608 2577; x_wconf 85' lang='lat' dir='ltr'>sui</span> <span class='ocrx_word' id='word_1_305' title='bbox 620 2541 708 2595; x_wconf 84' lang='lat' dir='ltr'>parte,</span> <span class='ocrx_word' id='word_1_306' title='bbox 719 2531 772 2578; x_wconf 87' lang='lat' dir='ltr'>eine</span> <span class='ocrx_word' id='word_1_307' title='bbox 789 2528 914 2582; x_wconf 84' lang='lat' dir='ltr'>trabibus.</span> <span class='ocrx_word' id='word_1_308' title='bbox 927 2543 1002 2585; x_wconf 80' lang='lat' dir='ltr'>saro,</span> <span class='ocrx_word' id='word_1_309' title='bbox 1036 2566 1039 2603; x_wconf 53' lang='lat'><em>3</em></span> 
     </span>
     <span class='ocr_line' id='line_1_35' title="bbox 83 2586 1002 2666; baseline -0.008 -12"><span class='ocrx_word' id='word_1_310' title='bbox 83 2605 182 2654; x_wconf 84' lang='lat' dir='ltr'>Gabino</span> <span class='ocrx_word' id='word_1_311' title='bbox 192 2603 323 2652; x_wconf 82' lang='lat' dir='ltr'>Albanove</span> <span class='ocrx_word' id='word_1_312' title='bbox 336 2601 529 2650; x_wconf 70' lang='lat' dir='ltr'>solidarentur»</span> <span class='ocrx_word' id='word_1_313' title='bbox 540 2618 547 2647; x_wconf 73' lang='grc' dir='ltr'>ι</span> <span class='ocrx_word' id='word_1_314' title='bbox 559 2600 629 2664; x_wconf 80' lang='lat' dir='ltr'>qudd</span> <span class='ocrx_word' id='word_1_315' title='bbox 640 2602 659 2649; x_wconf 91' lang='lat' dir='ltr'>is</span> <span class='ocrx_word' id='word_1_316' title='bbox 668 2599 731 2666; x_wconf 87' lang='lat' dir='ltr'>lapis</span> <span class='ocrx_word' id='word_1_317' title='bbox 741 2601 842 2666; x_wconf 77' lang='lat' dir='ltr'>ignibus</span> <span class='ocrx_word' id='word_1_318' title='bbox 852 2586 1002 2666; x_wconf 62' lang='lat' dir='ltr'>imperviu&#39;</span> 
     </span>
     <span class='ocr_line' id='line_1_36' title="bbox 83 2673 1039 2745; baseline -0.005 -17"><span class='ocrx_word' id='word_1_319' title='bbox 83 2691 131 2728; x_wconf 89' lang='lat' dir='ltr'>est.</span> <span class='ocrx_word' id='word_1_320' title='bbox 149 2679 223 2728; x_wconf 85' lang='lat' dir='ltr'>ulam</span> <span class='ocrx_word' id='word_1_321' title='bbox 238 2692 299 2736; x_wconf 88' lang='lat' dir='ltr'>aqua</span> <span class='ocrx_word' id='word_1_322' title='bbox 307 2711 314 2736; x_wconf 92' lang='lat'>,</span> <span class='ocrx_word' id='word_1_323' title='bbox 327 2676 482 2738; x_wconf 75' lang='lat' dir='ltr'>privatorum</span> <span class='ocrx_word' id='word_1_324' title='bbox 494 2675 597 2723; x_wconf 80' lang='lat' dir='ltr'>licentii</span> <span class='ocrx_word' id='word_1_325' title='bbox 612 2675 768 2740; x_wconf 82' lang='lat' dir='ltr'>intercepta,</span> <span class='ocrx_word' id='word_1_326' title='bbox 781 2673 831 2739; x_wconf 83' lang='lat' dir='ltr'>qud</span> <span class='ocrx_word' id='word_1_327' title='bbox 844 2674 951 2738; x_wconf 87' lang='lat' dir='ltr'>largior,</span> <span class='ocrx_word' id='word_1_328' title='bbox 965 2691 1006 2732; x_wconf 52' lang='lat' dir='ltr'>ex</span> <span class='ocrx_word' id='word_1_329' title='bbox 1031 2714 1039 2745; x_wconf 50' lang='lat' dir='ltr'>,i</span> 
     </span>
     <span class='ocr_line' id='line_1_37' title="bbox 81 2746 1036 2816; baseline -0.005 -18"><span class='ocrx_word' id='word_1_330' title='bbox 81 2749 198 2816; x_wconf 82' lang='lat' dir='ltr'>pluribus</span> <span class='ocrx_word' id='word_1_331' title='bbox 211 2747 273 2794; x_wconf 83' lang='lat' dir='ltr'>locis</span> <span class='ocrx_word' id='word_1_332' title='bbox 288 2748 312 2794; x_wconf 89' lang='lat' dir='ltr'>iu</span> <span class='ocrx_word' id='word_1_333' title='bbox 327 2747 458 2812; x_wconf 83' lang='lat' dir='ltr'>publicum</span> <span class='ocrx_word' id='word_1_334' title='bbox 475 2746 579 2807; x_wconf 84' lang='lat' dir='ltr'>flueret,</span> <span class='ocrx_word' id='word_1_335' title='bbox 594 2747 729 2810; x_wconf 70' lang='lat' dir='ltr'>custodes,</span> <span class='ocrx_word' id='word_1_336' title='bbox 742 2760 768 2795; x_wconf 90' lang='lat' dir='ltr'>et</span> <span class='ocrx_word' id='word_1_337' title='bbox 783 2746 893 2796; x_wconf 84' lang='lat' dir='ltr'>subsidia</span> <span class='ocrx_word' id='word_1_338' title='bbox 906 2749 994 2812; x_wconf 89' lang='lat' dir='ltr'>repri·</span> <span class='ocrx_word' id='word_1_339' title='bbox 1027 2766 1036 2793; x_wconf 79' lang='lat'>¹.</span> 
     </span>
     <span class='ocr_line' id='line_1_38' title="bbox 74 2821 992 2890; baseline -0.001 -18"><span class='ocrx_word' id='word_1_340' title='bbox 74 2822 181 2872; x_wconf 85' lang='lat' dir='ltr'>¹mendis</span> <span class='ocrx_word' id='word_1_341' title='bbox 193 2821 293 2886; x_wconf 82' lang='lat' dir='ltr'>ignibus</span> <span class='ocrx_word' id='word_1_342' title='bbox 307 2821 332 2868; x_wconf 92' lang='lat' dir='ltr'>in</span> <span class='ocrx_word' id='word_1_343' title='bbox 346 2821 480 2884; x_wconf 84' lang='lat' dir='ltr'>propatulo</span> <span class='ocrx_word' id='word_1_344' title='bbox 494 2821 601 2886; x_wconf 87' lang='lat' dir='ltr'>quisque</span> <span class='ocrx_word' id='word_1_345' title='bbox 615 2823 734 2890; x_wconf 68' lang='lat' dir='ltr'>baberet,</span> <span class='ocrx_word' id='word_1_346' title='bbox 752 2839 798 2872; x_wconf 86' lang='lat' dir='ltr'>nec</span> <span class='ocrx_word' id='word_1_347' title='bbox 810 2824 992 2875; x_wconf 85' lang='lat' dir='ltr'>communione</span> 
     </span>
     <span class='ocr_line' id='line_1_39' title="bbox 81 2892 990 2967; baseline 0.002 -25"><span class='ocrx_word' id='word_1_348' title='bbox 81 2898 220 2967; x_wconf 81' lang='lat' dir='ltr'>parietum.</span> <span class='ocrx_word' id='word_1_349' title='bbox 231 2892 275 2940; x_wconf 87' lang='lat' dir='ltr'>sed</span> <span class='ocrx_word' id='word_1_350' title='bbox 282 2893 390 2958; x_wconf 84' lang='lat' dir='ltr'>propriis</span> <span class='ocrx_word' id='word_1_351' title='bbox 396 2909 499 2957; x_wconf 85' lang='lat' dir='ltr'>quaeque</span> <span class='ocrx_word' id='word_1_352' title='bbox 509 2897 588 2945; x_wconf 87' lang='lat' dir='ltr'>muris</span> <span class='ocrx_word' id='word_1_353' title='bbox 597 2898 752 2947; x_wconf 84' lang='lat' dir='ltr'>ambirentur</span> <span class='ocrx_word' id='word_1_354' title='bbox 758 2915 783 2944; x_wconf 80' lang='lat' dir='ltr'>n.</span> <span class='ocrx_word' id='word_1_355' title='bbox 794 2896 829 2944; x_wconf 82' lang='lat' dir='ltr'>Ea</span> <span class='ocrx_word' id='word_1_356' title='bbox 840 2912 870 2942; x_wconf 84' lang='lat' dir='ltr'>er</span> <span class='ocrx_word' id='word_1_357' title='bbox 880 2895 990 2948; x_wconf 84' lang='lat' dir='ltr'>utilitate</span> 
     </span>
    </p>

    <p class='ocr_par' dir='ltr' id='par_1_9' title="bbox 22 2963 989 3034">
     <span class='ocr_line' id='line_1_40' title="bbox 22 2963 989 3034; baseline 0.003 -16"><span class='ocrx_word' id='word_1_358' title='bbox 22 2990 28 2996; x_wconf 94' lang='lat'>·</span> <span class='ocrx_word' id='word_1_359' title='bbox 83 2980 201 3032; x_wconf 82' lang='lat' dir='ltr'>receptu,</span> <span class='ocrx_word' id='word_1_360' title='bbox 215 2963 332 3016; x_wconf 81' lang='lat' dir='ltr'>decorem</span> <span class='ocrx_word' id='word_1_361' title='bbox 349 2981 449 3029; x_wconf 87' lang='lat' dir='ltr'>quoque</span> <span class='ocrx_word' id='word_1_362' title='bbox 464 2983 535 3016; x_wconf 78' lang='lat' dir='ltr'>norae</span> <span class='ocrx_word' id='word_1_363' title='bbox 551 2969 607 3017; x_wconf 89' lang='lat' dir='ltr'>urbi</span> <span class='ocrx_word' id='word_1_364' title='bbox 622 2971 739 3020; x_wconf 70' lang='lat' dir='ltr'>attulere.</span> <span class='ocrx_word' id='word_1_365' title='bbox 753 2971 833 3018; x_wconf 87' lang='lat' dir='ltr'>Erant</span> <span class='ocrx_word' id='word_1_366' title='bbox 847 2980 932 3017; x_wconf 87' lang='lat' dir='ltr'>tamen</span> <span class='ocrx_word' id='word_1_367' title='bbox 945 2973 989 3034; x_wconf 88' lang='lat' dir='ltr'>qui</span> 
     </span>
    </p>

    <p class='ocr_par' dir='ltr' id='par_1_10' title="bbox 82 3039 987 3106">
     <span class='ocr_line' id='line_1_41' title="bbox 82 3039 987 3106; baseline 0.001 -16"><span class='ocrx_word' id='word_1_368' title='bbox 82 3042 230 3101; x_wconf 75' lang='lat' dir='ltr'>crederent,</span> <span class='ocrx_word' id='word_1_369' title='bbox 243 3049 375 3087; x_wconf 67' lang='lat' dir='ltr'>«veterem</span> <span class='ocrx_word' id='word_1_370' title='bbox 385 3039 454 3088; x_wconf 82' lang='lat' dir='ltr'>illam</span> <span class='ocrx_word' id='word_1_371' title='bbox 469 3039 578 3088; x_wconf 77' lang='lat' dir='ltr'>sormam</span> <span class='ocrx_word' id='word_1_372' title='bbox 586 3043 727 3104; x_wconf 81' lang='lat' dir='ltr'>salubritati</span> <span class='ocrx_word' id='word_1_373' title='bbox 736 3044 815 3106; x_wconf 87' lang='lat' dir='ltr'>magis</span> <span class='ocrx_word' id='word_1_374' title='bbox 823 3041 987 3103; x_wconf 79' lang='lat' dir='ltr'>conduxisse,</span> 
     </span>
    </p>

    <p class='ocr_par' dir='ltr' id='par_1_11' title="bbox 81 3111 1036 3326">
     <span class='ocr_line' id='line_1_42' title="bbox 81 3111 987 3181; baseline 0.001 -18"><span class='ocrx_word' id='word_1_375' title='bbox 81 3117 202 3181; x_wconf 82' lang='lat' dir='ltr'>quoniam</span> <span class='ocrx_word' id='word_1_376' title='bbox 211 3112 330 3176; x_wconf 77' lang='lat' dir='ltr'>augustiae</span> <span class='ocrx_word' id='word_1_377' title='bbox 338 3111 466 3171; x_wconf 80' lang='lat' dir='ltr'>itinerum,</span> <span class='ocrx_word' id='word_1_378' title='bbox 476 3125 501 3162; x_wconf 85' lang='lat' dir='ltr'>et</span> <span class='ocrx_word' id='word_1_379' title='bbox 508 3114 617 3162; x_wconf 85' lang='lat' dir='ltr'>altitudo</span> <span class='ocrx_word' id='word_1_380' title='bbox 627 3127 751 3166; x_wconf 78' lang='lat' dir='ltr'>tentorum</span> <span class='ocrx_word' id='word_1_381' title='bbox 759 3133 809 3163; x_wconf 91' lang='lat' dir='ltr'>nou</span> <span class='ocrx_word' id='word_1_382' title='bbox 816 3113 920 3180; x_wconf 86' lang='lat' dir='ltr'>perinde</span> <span class='ocrx_word' id='word_1_383' title='bbox 927 3115 987 3164; x_wconf 87' lang='lat' dir='ltr'>solis</span> 
     </span>
     <span class='ocr_line' id='line_1_43' title="bbox 82 3187 987 3254; baseline 0.002 -18"><span class='ocrx_word' id='word_1_384' title='bbox 82 3201 176 3254; x_wconf 80' lang='lat' dir='ltr'>rapere</span> <span class='ocrx_word' id='word_1_385' title='bbox 189 3198 410 3251; x_wconf 84' lang='lat' dir='ltr'>perrumperentur</span> <span class='ocrx_word' id='word_1_386' title='bbox 423 3205 429 3234; x_wconf 75' lang='grc' dir='ltr'><strong><em>ι</em></strong></span> <span class='ocrx_word' id='word_1_387' title='bbox 442 3198 468 3234; x_wconf 87' lang='lat' dir='ltr'>at</span> <span class='ocrx_word' id='word_1_388' title='bbox 484 3205 551 3236; x_wconf 86' lang='lat' dir='ltr'>nuno</span> <span class='ocrx_word' id='word_1_389' title='bbox 564 3189 677 3254; x_wconf 85' lang='lat' dir='ltr'>patulam</span> <span class='ocrx_word' id='word_1_390' title='bbox 690 3188 864 3252; x_wconf 87' lang='lat' dir='ltr'>latitudinem,</span> <span class='ocrx_word' id='word_1_391' title='bbox 878 3199 904 3238; x_wconf 86' lang='lat' dir='ltr'>et</span> <span class='ocrx_word' id='word_1_392' title='bbox 918 3187 987 3238; x_wconf 75' lang='lat' dir='ltr'>nulli</span> 
     </span>
     <span class='ocr_line' id='line_1_44' title="bbox 82 3256 1036 3326; baseline 0.007 -18"><span class='ocrx_word' id='word_1_393' title='bbox 82 3261 171 3316; x_wconf 74' lang='lat' dir='ltr'>umbri</span> <span class='ocrx_word' id='word_1_394' title='bbox 180 3259 318 3312; x_wconf 81' lang='lat' dir='ltr'>defensam.</span> <span class='ocrx_word' id='word_1_395' title='bbox 329 3263 443 3326; x_wconf 79' lang='lat' dir='ltr'>graviore</span> <span class='ocrx_word' id='word_1_396' title='bbox 456 3275 516 3312; x_wconf 86' lang='lat' dir='ltr'>aestu</span> <span class='ocrx_word' id='word_1_397' title='bbox 528 3262 690 3313; x_wconf 74' lang='lat' dir='ltr'>ardescere».</span> <span class='ocrx_word' id='word_1_398' title='bbox 1035 3256 1036 3265; x_wconf 37' lang='lat'>¹</span> 
     </span>
    </p>
   </div>
   <div class='ocr_carea' id='block_1_3' title="bbox 115 3331 986 3403">
    <p class='ocr_par' dir='ltr' id='par_1_12' title="bbox 115 3331 986 3403">
     <span class='ocr_line' id='line_1_45' title="bbox 115 3331 986 3403; baseline 0.016 -23"><span class='ocrx_word' id='word_1_399' title='bbox 115 3331 210 3390; x_wconf 63' lang='lat' dir='ltr'>XMV·</span> <span class='ocrx_word' id='word_1_400' title='bbox 225 3333 260 3388; x_wconf 79' lang='lat' dir='ltr'>Et</span> <span class='ocrx_word' id='word_1_401' title='bbox 273 3333 324 3384; x_wconf 75' lang='lat' dir='ltr'>liaeo</span> <span class='ocrx_word' id='word_1_402' title='bbox 337 3335 440 3403; x_wconf 73' lang='lat' dir='ltr'>quidem</span> <span class='ocrx_word' id='word_1_403' title='bbox 456 3335 572 3389; x_wconf 83' lang='lat' dir='ltr'>hunsauis</span> <span class='ocrx_word' id='word_1_404' title='bbox 583 3337 695 3388; x_wconf 83' lang='lat' dir='ltr'>consiliis</span> <span class='ocrx_word' id='word_1_405' title='bbox 706 3336 915 3403; x_wconf 77' lang='lat' dir='ltr'>providebantur.</span> <span class='ocrx_word' id='word_1_406' title='bbox 926 3337 986 3394; x_wconf 54' lang='lat' dir='ltr'>llio}</span> 
     </span>
    </p>
   </div>
   <div class='ocr_carea' id='block_1_4' title="bbox 0 0 1054 3709">
    <p class='ocr_par' dir='ltr' id='par_1_13' title="bbox 0 0 1054 3709">
     <span class='ocr_line' id='line_1_46' title="bbox 0 0 1054 3709; baseline 0 2"><span class='ocrx_word' id='word_1_407' title='bbox 0 0 1054 3709; x_wconf 95' lang='lat' dir='ltr'> </span> 
     </span>
    </p>
   </div>
  </div>
 </body>
</html>
