2100 3709
332 79 340 95 a,
388 20 568 93 acarcott.
882 62 928 118 aar

14 143 135 194 Silurum
155 138 262 189 colorati
281 137 384 197 tultus,
400 150 426 187 et
445 142 507 189 torti
522 140 672 204 plerumque
691 140 787 199 crines,
807 152 833 193 et
849 146 933 209 posits

19 214 115 265 contria
124 213 244 279 IIispania
253 249 260 271 ‚
269 213 357 263 Iberos
365 223 463 261 veteres
470 213 613 277 traiecisse,
624 229 715 277 easque
722 214 792 265 sedes
800 218 935 283 occupasse

20 290 105 337 fidem
116 287 222 337 iaciunt.
240 286 351 334 Proximi
368 286 461 347 Gallis,
473 298 500 335 et
514 286 609 335 similes
621 299 681 334 suut
693 304 698 334 :
711 304 754 335 seu
767 288 872 339 durante
882 290 937 339 ori·

20 360 94 423 ginis
109 361 149 419 ri,
164 375 207 405 seu
222 358 428 423 procurrentibus
443 360 470 407 iu
485 356 584 408 diversa
599 360 686 417 terris,
700 362 792 424 positio
806 364 860 412 coeli
876 379 935 411 cor·-

20 434 136 499 poribus
152 428 355 486 habiturudedit
368 448 373 477 ι
387 430 412 476 in
426 431 570 477 universum
588 441 671 488 tamen
690 432 834 493 estimanti,
849 433 936 483 Gallos

20 506 145 552 vicinum
154 503 236 551 solum
247 501 400 569 occupisse,
415 501 534 549 credibile
546 514 592 552 est.
606 504 702 552 Eorum
713 520 781 553 sacra
792 505 937 572 deprehen-

23 578 90 637 das,
103 577 314 641 superstitionum
326 577 504 641 persuasione:
518 590 601 625 sermo
611 574 679 625 baud
688 578 797 627 muitum
808 579 935 645 diversus,

23 651 52 698 iu
66 648 235 714 deposcendis
245 648 363 712 periculis
372 648 460 697 eadem
472 646 591 705 audacia,
608 660 633 699 et
643 650 685 698 ubi
694 648 817 700 advenere
826 689 834 715 ‚
848 653 873 701 in
887 653 935 702 de*

21 720 170 771 tractandis
176 721 264 769 eadem
274 720 398 771 formido:
408 722 465 786 plus
472 732 557 769 tamen
565 720 661 770 ferocia
667 720 781 772 Britanni
788 722 936 789 preferant,

26 808 55 844 nt
68 811 135 859 quos
144 794 256 843 nondum
266 793 341 858 longa
351 810 399 859 par
411 794 560 842 emollierit:
573 810 629 842 narn
641 794 728 843 Gallos
737 810 837 861 quoque
848 798 873 845 iu
884 797 937 845 bel-

23 871 61 919 lis
81 869 196 916 floruisse
208 870 366 933 accepimus:
383 885 443 932 mox
460 868 565 930 segnitia
580 884 637 917 curn
650 870 703 917 otio
713 870 829 929 intrarit,
843 869 934 919 amissi

24 945 127 992 virtute
140 945 235 1008 pariter
245 960 273 990 ac
283 942 477 1006 libertatequod
487 942 664 991 Britannorum
675 944 737 993 clim
748 944 822 994 victis
832 945 934 993 creuit:

25 1015 113 1066 ceteri
125 1028 229 1064 manent
238 1053 243 1070 ,
253 1018 340 1079 quales
350 1017 419 1063 Galli
428 1016 540 1063 luerunt.
804 1030 807 1035 ·

61 1090 128 1140 XII.
144 1091 173 1139 In
186 1090 273 1155 pedite
281 1090 375 1137 robur:
389 1088 501 1151 quedam
519 1089 634 1137 nationes
646 1100 672 1139 et
684 1107 760 1139 curru
771 1092 913 1155 praeliantur
926 1108 934 1142 t

26 1163 163 1213 honestior
178 1165 279 1227 auriga,
297 1162 401 1209 clientes
413 1171 592 1225 propugnant:
609 1160 670 1209 olim
687 1162 787 1227 regIbus
803 1164 937 1227 parebant,

27 1250 100 1286 nunc
109 1250 154 1300 per
162 1236 289 1300 principes
296 1233 449 1282 factionibus
461 1245 486 1279 et
497 1230 587 1281 studiis
598 1232 744 1281 trahuntur:
757 1250 803 1282 nec
812 1235 881 1283 aliod
890 1235 937 1283 ad-

28 1322 122 1361 versus
130 1311 297 1361 validissimas
307 1321 395 1375 gentes
404 1325 450 1373 pro
460 1309 534 1357 nobis
542 1308 645 1363 utilius,
660 1310 733 1371 quim
749 1310 818 1373 quiid
831 1313 855 1359 in
866 1330 938 1361 com-

28 1402 111 1435 mune
120 1400 173 1433 non
181 1384 328 1433 consulunt.
340 1382 420 1431 Rarus
433 1382 531 1429 duabus
545 1380 657 1451 tribuere
669 1382 814 1439 civitatibus
828 1384 860 1431 ad
875 1402 939 1450 pro·

28 1459 187 1526 pulsandum
206 1475 341 1508 commune
363 1457 504 1523 periculum
524 1468 690 1506 conventus:
711 1460 747 1507 ita
768 1458 828 1506 rium
849 1460 941 1523 singuli

28 1542 163 1599 puguant,
174 1532 284 1579 universi
295 1532 440 1579 vincuntur·
453 1529 552 1577 coetum
563 1528 655 1576 crebris
667 1529 789 1579 imbribus
800 1546 829 1577 ac
840 1532 942 1581 nebulis

30 1602 147 1652 foedum:
159 1603 279 1667 asperitas
287 1601 410 1667 frigorum
419 1602 499 1649 abest.
509 1602 612 1648 Dierum
622 1604 700 1665 spatia
712 1602 775 1651 ultra
784 1603 864 1651 nostri
873 1603 945 1661 orbis

28 1690 194 1735 mensuram,
210 1687 237 1725 et
251 1692 302 1723 nox
318 1676 399 1735 clara,
412 1686 437 1725 et
447 1674 559 1723 extremi
571 1674 706 1723 Britannia
717 1688 789 1741 parte
800 1676 899 1733 brevis,
912 1686 942 1723 ut

28 1750 111 1797 finem
130 1758 203 1811 atque
219 1748 321 1797 initium
331 1748 395 1797 lucis
406 1748 497 1811 exiguo
506 1744 651 1795 discrimine
662 1748 827 1797 internosces.
844 1748 941 1814 ‹rQubd

30 1823 53 1871 si
74 1818 157 1878 nubea
172 1837 223 1869 non
235 1822 359 1883 officiant,
372 1820 469 1887 adspici
480 1836 526 1885 per
539 1831 640 1869 noctem
656 1820 716 1871 solit
736 1820 875 1886 fulgorem,
893 1836 941 1870 nec

33 1894 156 1943 occidere
169 1904 194 1941 et
204 1910 351 1961 exsurgere,
364 1894 409 1943 sed
419 1894 545 1943 transires
558 1892 700 1943 adfirmant.
711 1895 812 1944 Scilicet
826 1906 940 1955 entrema

30 1980 59 2015 et
70 1966 147 2031 plana
153 1976 277 2014 terrarum
287 2002 294 2024 ,
303 1965 393 2015 humili
400 1965 490 2013 umbris
499 2000 505 2022 ,
514 1981 565 2013 non
577 1966 813 2029 eriguntteuebr·as‚
826 1965 942 2031 infraque

29 2040 128 2089 coelum
140 2050 166 2085 et
176 2036 259 2085 sidera
268 2051 317 2088 not
331 2037 408 2094 cadit,
417 2036 504 2085 Solum
513 2046 601 2100 preter
614 2038 696 2087 oleam
708 2038 834 2102 vitemque
843 2072 850 2095 ‚
862 2048 887 2085 et
896 2054 941 2087 ce·

30 2127 89 2162 tera
104 2110 267 2160 calidioribus
281 2109 355 2159 terris
367 2108 429 2156 oriri
442 2120 528 2166 sueta,
540 2110 638 2173 patiens
649 2110 766 2177 frugum,
783 2108 938 2160 fecundum:

29 2183 107 2235 tarde
136 2184 288 2247 mitescunt,
314 2181 366 2230 citri
390 2182 559 2248 proveniunt,
583 2178 721 2244 eademque
747 2182 877 2244 utriusque
904 2181 940 2231 rei

31 2274 123 2319 causa,
131 2255 227 2305 multus
237 2255 330 2305 humor
341 2265 466 2303 terrarum
477 2252 592 2317 coelique.
607 2253 666 2301 Fert
676 2253 804 2303 Britannia
813 2267 902 2301 aurum
914 2264 941 2303 et

32 2340 172 2395 argentum
183 2340 209 2378 et
225 2330 272 2378 alia
291 2328 409 2387 metalla,
420 2328 531 2392 pretium
547 2326 659 2374 victorie
673 2343 678 2372 :
692 2326 772 2389 gignit
784 2337 809 2375 et
825 2328 940 2377 Oceanus

32 2402 174 2469 margarita
181 2401 243 2467 ,sed
253 2400 370 2449 subfusca
383 2415 411 2447 ac
419 2399 533 2447 liventia.
544 2396 653 2460 Quidam
663 2410 744 2446 artem
758 2399 842 2447 abesse
853 2400 941 2463 legen·

33 2481 108 2537 tibus
117 2475 286 2523 arbitrantur:
297 2476 387 2523 namin
396 2472 473 2522 rubro
483 2472 546 2519 mari
557 2472 613 2519 vivs
622 2486 651 2518 ac
658 2472 777 2536 spirantia
786 2474 849 2519 saxis
857 2470 940 2533 avelli,

34 2555 64 2602 in
82 2547 213 2598 Brirannta
224 2559 300 2613 prout
314 2546 418 2612 expulsa
436 2546 487 2593 siut
497 2542 583 2609 colligi
596 2560 602 2591 :
617 2559 664 2607 ego
676 2543 773 2593 iacilibs
788 2542 940 2593 crediderim

32 2631 155 2676 naturam
166 2621 308 2684 margaritis
319 2619 416 2677 deesse,
429 2614 505 2682 quitus
515 2616 590 2665 nobis
602 2616 740 2667 avaritiam

68 2692 147 2746 XIII.
161 2692 213 2759 Ipsi
226 2694 341 2742 Rritanni
355 2691 498 2745 delectum,
512 2706 541 2737 ac
560 2690 654 2746 tributa
672 2704 697 2741 et
716 2690 827 2756 injuncta
842 2688 942 2758 imperii

34 2782 146 2821 munera
155 2766 261 2833 impigri
272 2766 380 2824 obeunt,
392 2763 519 2827 siinjurire
528 2764 623 2819 absint:
636 2766 680 2817 bas
689 2766 749 2831 agre
760 2766 879 2823 tolerant,
893 2766 942 2827 iam

35 2841 133 2892 domiti
142 2852 171 2888 ut
184 2852 304 2906 puteani.
318 2838 434 2896 nondam
445 2852 474 2895 ul
489 2843 610 2892 serviant.
624 2840 703 2905 Igitur
714 2841 811 2905 primur
825 2841 941 2887 ornuitrm

35 2920 213 2967 Romanorum
232 2911 307 2970 divvs
321 2914 403 2969 lulius
422 2936 480 2968 cum
498 2915 611 2967 exercitu
628 2914 782 2965 Britanniam
803 2912 942 2973 ingressus,

35 2992 402 3059 quanquam‘paosperapugnt
413 2992 530 3054 terruerit
541 2988 650 3045 incolas,
662 2986 783 3041 aclittcre
793 2986 887 3060 prime
897 2985 942 3051 sir,

35 3070 127 3132 potest
137 3060 219 3111 rideri
229 3069 368 3113 ostendisse
377 3065 499 3131 posteris,
510 3078 562 3128 non
575 3056 718 3113 tradidisse.
729 3066 793 3121 Mox
804 3066 868 3115 bella
880 3064 945 3111 ciri·

35 3136 89 3193 lia,
105 3146 131 3182 et
145 3136 171 3184 in
183 3138 362 3203 rempublIcatn
379 3155 449 3189 versa
458 3136 602 3203 principum
615 3150 683 3185 arma
694 3166 699 3190 r
716 3154 749 3199 ar,
760 3149 832 3204 ionga
848 3133 945 3183 oblivio

39 3210 189 3271 Britannia,
201 3210 279 3257 etiarn
289 3209 315 3259 in
326 3226 396 3275 pace.
408 3210 559 3263 Consilium
568 3208 595 3255 id
605 3203 822 3283 dirnfflugusrur
835 3206 946 3264 uocabat,

36 3284 158 3337 Tiberius
162 3292 333 3351 proeceplrtm.
346 3284 460 3351 Agitisse
470 3285 500 3331 C.
514 3274 950 3357 cgsaffi'germmnagnarrar-,1254
996 3324 999 3330 ,

271 3376 273 3378 ·
761 3360 784 3412 N
797 3370 817 3415 ¹2
836 3356 839 3361 '
854 3406 856 3411 .
