<?xml version="1.0" encoding="UTF-8"?>
<!DOCTYPE html PUBLIC "-//W3C//DTD XHTML 1.0 Transitional//EN"
    "http://www.w3.org/TR/xhtml1/DTD/xhtml1-transitional.dtd">
<html xmlns="http://www.w3.org/1999/xhtml" xml:lang="en" lang="en">
 <head>
  <title>
</title>
<meta http-equiv="Content-Type" content="text/html;charset=utf-8" />
  <meta name='ocr-system' content='tesseract 3.04.00' />
  <meta name='ocr-capabilities' content='ocr_page ocr_carea ocr_par ocr_line ocrx_word'/>
</head>
<body>
  <div class='ocr_page' id='page_1' title='image "./ccorntacitioper00brotgoog_0122.png"; bbox 0 0 2100 3709; ppageno 0'>
   <div class='ocr_carea' id='block_1_1' title="bbox 323 113 944 200">
    <p class='ocr_par' dir='ltr' id='par_1_1' title="bbox 323 113 944 200">
     <span class='ocr_line' id='line_1_1' title="bbox 323 113 944 200; baseline 0.04 -46"><span class='ocrx_word' id='word_1_1' title='bbox 323 113 502 160; x_wconf 62' lang='lat' dir='ltr'><strong>nubili!</strong></span> <span class='ocrx_word' id='word_1_2' title='bbox 521 123 589 164; x_wconf 78' lang='lat' dir='ltr'><strong>m.</strong></span> <span class='ocrx_word' id='word_1_3' title='bbox 612 127 657 166; x_wconf 64' lang='lat' dir='ltr'><strong>ll·</strong></span> <span class='ocrx_word' id='word_1_4' title='bbox 896 139 944 200; x_wconf 74' lang='lat'><strong>119</strong></span> 
     </span>
    </p>
   </div>
   <div class='ocr_carea' id='block_1_2' title="bbox 14 185 987 3441">
    <p class='ocr_par' dir='ltr' id='par_1_2' title="bbox 15 185 944 1303">
     <span class='ocr_line' id='line_1_2' title="bbox 30 185 944 288; baseline 0.034 -49"><span class='ocrx_word' id='word_1_5' title='bbox 30 185 107 242; x_wconf 80' lang='lat' dir='ltr'><strong>ilaue</strong></span> <span class='ocrx_word' id='word_1_6' title='bbox 117 189 240 246; x_wconf 76' lang='lat' dir='ltr'><strong>Latinius</strong></span> <span class='ocrx_word' id='word_1_7' title='bbox 255 195 376 264; x_wconf 82' lang='lat' dir='ltr'><strong>Latiaris,</strong></span> <span class='ocrx_word' id='word_1_8' title='bbox 387 205 492 255; x_wconf 86' lang='lat' dir='ltr'><strong>Porcius</strong></span> <span class='ocrx_word' id='word_1_9' title='bbox 509 207 591 264; x_wconf 85' lang='lat' dir='ltr'><strong>(lato,</strong></span> <span class='ocrx_word' id='word_1_10' title='bbox 602 209 708 262; x_wconf 85' lang='lat' dir='ltr'><strong>Petilius</strong></span> <span class='ocrx_word' id='word_1_11' title='bbox 724 209 818 282; x_wconf 77' lang='lat' dir='ltr'><strong>Rufus,</strong></span> <span class='ocrx_word' id='word_1_12' title='bbox 834 217 871 270; x_wconf 81' lang='lat' dir='ltr'><strong>ld.</strong></span> <span class='ocrx_word' id='word_1_13' title='bbox 883 222 944 288; x_wconf 83' lang='lat' dir='ltr'><strong>Op·</strong></span> 
     </span>
     <span class='ocr_line' id='line_1_3' title="bbox 29 268 943 359; baseline 0.031 -43"><span class='ocrx_word' id='word_1_14' title='bbox 29 268 92 326; x_wconf 69' lang='lat' dir='ltr'><strong>uua,</strong></span> <span class='ocrx_word' id='word_1_15' title='bbox 103 270 220 334; x_wconf 68' lang='lat' dir='ltr'><strong>preturd</strong></span> <span class='ocrx_word' id='word_1_16' title='bbox 230 270 311 344; x_wconf 64' lang='lat' dir='ltr'><strong>iuncti</strong></span> <span class='ocrx_word' id='word_1_17' title='bbox 318 311 325 338; x_wconf 89' lang='lat'>,</span> <span class='ocrx_word' id='word_1_18' title='bbox 333 277 651 350; x_wconf 75' lang='lat' dir='ltr'><strong>adgrediuntur,cupidiue</strong></span> <span class='ocrx_word' id='word_1_19' title='bbox 659 289 804 338; x_wconf 76' lang='lat' dir='ltr'><strong>consulatis</strong></span> <span class='ocrx_word' id='word_1_20' title='bbox 811 313 817 353; x_wconf 80' lang='lat'>3</span> <span class='ocrx_word' id='word_1_21' title='bbox 825 292 857 342; x_wconf 86' lang='lat' dir='ltr'><strong>ad</strong></span> <span class='ocrx_word' id='word_1_22' title='bbox 866 310 943 359; x_wconf 88' lang='lat' dir='ltr'><strong>quem</strong></span> 
     </span>
     <span class='ocr_line' id='line_1_4' title="bbox 28 343 943 424; baseline 0.032 -34"><span class='ocrx_word' id='word_1_23' title='bbox 28 358 77 390; x_wconf 86' lang='lat' dir='ltr'><strong>uon</strong></span> <span class='ocrx_word' id='word_1_24' title='bbox 87 343 144 392; x_wconf 89' lang='lat' dir='ltr'><strong>nisi</strong></span> <span class='ocrx_word' id='word_1_25' title='bbox 154 361 202 410; x_wconf 76' lang='lat' dir='ltr'><strong>per</strong></span> <span class='ocrx_word' id='word_1_26' title='bbox 212 345 333 411; x_wconf 71' lang='lat' dir='ltr'><strong>Seianum</strong></span> <span class='ocrx_word' id='word_1_27' title='bbox 341 352 427 405; x_wconf 84' lang='lat' dir='ltr'><strong>aditus</strong></span> <span class='ocrx_word' id='word_1_28' title='bbox 437 374 443 404; x_wconf 70' lang='grc' dir='ltr'>ς</span> <span class='ocrx_word' id='word_1_29' title='bbox 455 373 537 422; x_wconf 86' lang='lat' dir='ltr'><strong>neque</strong></span> <span class='ocrx_word' id='word_1_30' title='bbox 549 355 633 423; x_wconf 83' lang='lat' dir='ltr'><strong>Sejsni</strong></span> <span class='ocrx_word' id='word_1_31' title='bbox 645 359 778 424; x_wconf 85' lang='lat' dir='ltr'><strong>voluntas,</strong></span> <span class='ocrx_word' id='word_1_32' title='bbox 789 364 837 414; x_wconf 86' lang='lat' dir='ltr'><strong>uisi</strong></span> <span class='ocrx_word' id='word_1_33' title='bbox 848 369 943 418; x_wconf 79' lang='lat' dir='ltr'><strong>scelere</strong></span> 
     </span>
     <span class='ocr_line' id='line_1_5' title="bbox 28 417 942 500; baseline 0.03 -39"><span class='ocrx_word' id='word_1_34' title='bbox 28 417 200 478; x_wconf 67' lang='lat' dir='ltr'><strong>querebatur.</strong></span> <span class='ocrx_word' id='word_1_35' title='bbox 214 421 390 489; x_wconf 82' lang='lat' dir='ltr'><strong>Compositrun</strong></span> <span class='ocrx_word' id='word_1_36' title='bbox 400 429 467 480; x_wconf 87' lang='lat' dir='ltr'><strong>inter</strong></span> <span class='ocrx_word' id='word_1_37' title='bbox 475 432 554 500; x_wconf 85' lang='lat' dir='ltr'><strong>ipsos,</strong></span> <span class='ocrx_word' id='word_1_38' title='bbox 563 443 594 480; x_wconf 92' lang='lat' dir='ltr'><strong>ut</strong></span> <span class='ocrx_word' id='word_1_39' title='bbox 603 431 717 494; x_wconf 81' lang='lat' dir='ltr'><strong>Latiaris,</strong></span> <span class='ocrx_word' id='word_1_40' title='bbox 729 437 774 500; x_wconf 89' lang='lat' dir='ltr'><strong>qui</strong></span> <span class='ocrx_word' id='word_1_41' title='bbox 783 437 884 490; x_wconf 84' lang='lat' dir='ltr'><strong>modico</strong></span> <span class='ocrx_word' id='word_1_42' title='bbox 894 459 942 492; x_wconf 86' lang='lat' dir='ltr'><strong>usu</strong></span> 
     </span>
     <span class='ocr_line' id='line_1_6' title="bbox 27 488 943 564; baseline 0.032 -29"><span class='ocrx_word' id='word_1_43' title='bbox 27 488 154 540; x_wconf 80' lang='lat' dir='ltr'><strong>Sabinum</strong></span> <span class='ocrx_word' id='word_1_44' title='bbox 160 495 539 564; x_wconf 68' lang='lat' dir='ltr'><strong>contingebat,stusrerdotum,</strong></span> <span class='ocrx_word' id='word_1_45' title='bbox 547 507 625 555; x_wconf 83' lang='lat' dir='ltr'><strong>ceteri</strong></span> <span class='ocrx_word' id='word_1_46' title='bbox 633 507 843 561; x_wconf 82' lang='lat' dir='ltr'><strong>testcssdessent:</strong></span> <span class='ocrx_word' id='word_1_47' title='bbox 852 511 943 564; x_wconf 78' lang='lat' dir='ltr'><strong>deindb</strong></span> 
     </span>
     <span class='ocr_line' id='line_1_7' title="bbox 27 566 943 653; baseline 0.032 -43"><span class='ocrx_word' id='word_1_48' title='bbox 27 566 219 619; x_wconf 66' lang='lat' dir='ltr'><strong>accusationem</strong></span> <span class='ocrx_word' id='word_1_49' title='bbox 233 568 384 636; x_wconf 85' lang='lat' dir='ltr'><strong>inciperent.</strong></span> <span class='ocrx_word' id='word_1_50' title='bbox 395 575 477 642; x_wconf 72' lang='lat' dir='ltr'><strong>igitur</strong></span> <span class='ocrx_word' id='word_1_51' title='bbox 490 577 598 628; x_wconf 85' lang='lat' dir='ltr'><strong>Latiaris</strong></span> <span class='ocrx_word' id='word_1_52' title='bbox 606 577 687 644; x_wconf 80' lang='lat' dir='ltr'><strong>jacere</strong></span> <span class='ocrx_word' id='word_1_53' title='bbox 698 579 819 634; x_wconf 80' lang='lat' dir='ltr'><strong>fortuitos</strong></span> <span class='ocrx_word' id='word_1_54' title='bbox 831 586 943 653; x_wconf 75' lang='lat' dir='ltr'><strong>primum</strong></span> 
     </span>
     <span class='ocr_line' id='line_1_8' title="bbox 28 643 944 725; baseline 0.028 -40"><span class='ocrx_word' id='word_1_55' title='bbox 28 653 159 688; x_wconf 84' lang='lat' dir='ltr'><strong>sermones</strong></span> <span class='ocrx_word' id='word_1_56' title='bbox 170 656 176 687; x_wconf 90' lang='lat'>:</span> <span class='ocrx_word' id='word_1_57' title='bbox 188 657 248 692; x_wconf 81' lang='lat' dir='ltr'><strong>mox</strong></span> <span class='ocrx_word' id='word_1_58' title='bbox 259 643 361 696; x_wconf 84' lang='lat' dir='ltr'><strong>laudare</strong></span> <span class='ocrx_word' id='word_1_59' title='bbox 370 652 554 708; x_wconf 86' lang='lat' dir='ltr'><strong>constantiam.</strong></span> <span class='ocrx_word' id='word_1_60' title='bbox 571 653 661 718; x_wconf 81' lang='lat' dir='ltr'><strong>rqudd</strong></span> <span class='ocrx_word' id='word_1_61' title='bbox 674 671 740 713; x_wconf 88' lang='lat' dir='ltr'><strong>nou.</strong></span> <span class='ocrx_word' id='word_1_62' title='bbox 752 669 780 707; x_wconf 91' lang='lat' dir='ltr'><strong>ut</strong></span> <span class='ocrx_word' id='word_1_63' title='bbox 791 661 883 725; x_wconf 85' lang='lat' dir='ltr'><strong>ceteri,</strong></span> <span class='ocrx_word' id='word_1_64' title='bbox 893 662 944 711; x_wconf 81' lang='lat' dir='ltr'><strong>ao·</strong></span> 
     </span>
     <span class='ocr_line' id='line_1_9' title="bbox 27 710 942 786; baseline 0.03 -28"><span class='ocrx_word' id='word_1_65' title='bbox 27 711 101 760; x_wconf 82' lang='lat' dir='ltr'><strong>rentis</strong></span> <span class='ocrx_word' id='word_1_66' title='bbox 112 710 211 763; x_wconf 76' lang='lat' dir='ltr'><strong>domis</strong></span> <span class='ocrx_word' id='word_1_67' title='bbox 226 716 339 777; x_wconf 81' lang='lat' dir='ltr'><strong>amicus,</strong></span> <span class='ocrx_word' id='word_1_68' title='bbox 353 719 482 772; x_wconf 68' lang='lat' dir='ltr'><strong>adflictam</strong></span> <span class='ocrx_word' id='word_1_69' title='bbox 497 723 673 778; x_wconf 81' lang='lat' dir='ltr'><strong>deseruissetn</strong></span> <span class='ocrx_word' id='word_1_70' title='bbox 688 746 694 776; x_wconf 95' lang='lat'><strong>:</strong></span> <span class='ocrx_word' id='word_1_71' title='bbox 710 731 787 780; x_wconf 87' lang='lat' dir='ltr'><strong>simul</strong></span> <span class='ocrx_word' id='word_1_72' title='bbox 798 729 895 782; x_wconf 86' lang='lat' dir='ltr'><strong>lronora</strong></span> <span class='ocrx_word' id='word_1_73' title='bbox 909 734 942 786; x_wconf 84' lang='lat' dir='ltr'><strong>de</strong></span> 
     </span>
     <span class='ocr_line' id='line_1_10' title="bbox 28 783 943 870; baseline 0.032 -39"><span class='ocrx_word' id='word_1_74' title='bbox 28 783 368 858; x_wconf 70' lang='lat' dir='ltr'><strong>Germauieo‚rlgrippiuam</strong></span> <span class='ocrx_word' id='word_1_75' title='bbox 381 800 519 857; x_wconf 84' lang='lat' dir='ltr'><strong>miserans,</strong></span> <span class='ocrx_word' id='word_1_76' title='bbox 527 799 673 852; x_wconf 82' lang='lat' dir='ltr'><strong>disserebat.</strong></span> <span class='ocrx_word' id='word_1_77' title='bbox 683 805 717 852; x_wconf 86' lang='lat' dir='ltr'><strong>Et</strong></span> <span class='ocrx_word' id='word_1_78' title='bbox 725 815 860 870; x_wconf 77' lang='lat' dir='ltr'><strong>postquam</strong></span> <span class='ocrx_word' id='word_1_79' title='bbox 870 808 943 860; x_wconf 79' lang='lat' dir='ltr'><strong>Sabl-</strong></span> 
     </span>
     <span class='ocr_line' id='line_1_11' title="bbox 28 862 942 950; baseline 0.03 -46"><span class='ocrx_word' id='word_1_80' title='bbox 28 873 71 906; x_wconf 87' lang='lat' dir='ltr'><strong>nus</strong></span> <span class='ocrx_word' id='word_1_81' title='bbox 79 895 86 916; x_wconf 91' lang='lat'>,</span> <span class='ocrx_word' id='word_1_82' title='bbox 95 869 128 908; x_wconf 92' lang='lat' dir='ltr'><strong>ut</strong></span> <span class='ocrx_word' id='word_1_83' title='bbox 135 871 199 908; x_wconf 84' lang='lat' dir='ltr'><strong>sunt</strong></span> <span class='ocrx_word' id='word_1_84' title='bbox 208 862 327 914; x_wconf 85' lang='lat' dir='ltr'><strong>mollesin</strong></span> <span class='ocrx_word' id='word_1_85' title='bbox 337 868 480 922; x_wconf 73' lang='lat' dir='ltr'><strong>utsmiuts</strong></span> <span class='ocrx_word' id='word_1_86' title='bbox 489 872 638 923; x_wconf 70' lang='lat' dir='ltr'><strong>mortalium</strong></span> <span class='ocrx_word' id='word_1_87' title='bbox 648 875 740 936; x_wconf 83' lang='lat' dir='ltr'><strong>animi,</strong></span> <span class='ocrx_word' id='word_1_88' title='bbox 753 877 846 928; x_wconf 79' lang='lat' dir='ltr'><strong>effudit</strong></span> <span class='ocrx_word' id='word_1_89' title='bbox 854 879 942 950; x_wconf 77' lang='lat' dir='ltr'><strong>laery-</strong></span> 
     </span>
     <span class='ocr_line' id='line_1_12' title="bbox 27 931 938 1019; baseline 0.03 -42"><span class='ocrx_word' id='word_1_90' title='bbox 27 945 95 992; x_wconf 83' lang='lat' dir='ltr'><strong>mss,</strong></span> <span class='ocrx_word' id='word_1_91' title='bbox 109 931 196 994; x_wconf 76' lang='lat' dir='ltr'><strong>iunxit</strong></span> <span class='ocrx_word' id='word_1_92' title='bbox 206 949 322 1005; x_wconf 73' lang='lat' dir='ltr'><strong>questuc3</strong></span> <span class='ocrx_word' id='word_1_93' title='bbox 331 941 469 995; x_wconf 77' lang='lat' dir='ltr'><strong>audentius</strong></span> <span class='ocrx_word' id='word_1_94' title='bbox 481 947 533 1012; x_wconf 86' lang='lat' dir='ltr'><strong>jam</strong></span> <span class='ocrx_word' id='word_1_95' title='bbox 548 959 637 998; x_wconf 83' lang='lat' dir='ltr'><strong>onerat</strong></span> <span class='ocrx_word' id='word_1_96' title='bbox 654 949 786 1015; x_wconf 79' lang='lat' dir='ltr'><strong>Seianum,</strong></span> <span class='ocrx_word' id='word_1_97' title='bbox 805 954 938 1019; x_wconf 79' lang='lat' dir='ltr'><strong>saevitiam,</strong></span> 
     </span>
     <span class='ocr_line' id='line_1_13' title="bbox 27 1003 939 1088; baseline 0.034 -39"><span class='ocrx_word' id='word_1_98' title='bbox 27 1003 191 1071; x_wconf 81' lang='lat' dir='ltr'><strong>snperbiam,</strong></span> <span class='ocrx_word' id='word_1_99' title='bbox 202 1023 260 1072; x_wconf 84' lang='lat' dir='ltr'><strong>spes</strong></span> <span class='ocrx_word' id='word_1_100' title='bbox 270 1009 339 1076; x_wconf 84' lang='lat' dir='ltr'><strong>ejus:</strong></span> <span class='ocrx_word' id='word_1_101' title='bbox 352 1031 385 1063; x_wconf 88' lang='lat' dir='ltr'><strong>ne</strong></span> <span class='ocrx_word' id='word_1_102' title='bbox 395 1018 423 1065; x_wconf 85' lang='lat' dir='ltr'><strong>iu</strong></span> <span class='ocrx_word' id='word_1_103' title='bbox 434 1019 564 1070; x_wconf 73' lang='lat' dir='ltr'>Tiberium</span> <span class='ocrx_word' id='word_1_104' title='bbox 578 1019 682 1088; x_wconf 85' lang='lat' dir='ltr'><strong>quidem</strong></span> <span class='ocrx_word' id='word_1_105' title='bbox 693 1027 809 1076; x_wconf 77' lang='lat' dir='ltr'><strong>convicio</strong></span> <span class='ocrx_word' id='word_1_106' title='bbox 820 1027 939 1081; x_wconf 82' lang='lat' dir='ltr'><strong>abstinet.</strong></span> 
     </span>
     <span class='ocr_line' id='line_1_14' title="bbox 28 1077 940 1165; baseline 0.031 -41"><span class='ocrx_word' id='word_1_107' title='bbox 28 1077 93 1141; x_wconf 88' lang='lat' dir='ltr'><strong>lique</strong></span> <span class='ocrx_word' id='word_1_108' title='bbox 105 1095 251 1144; x_wconf 78' lang='lat' dir='ltr'><strong>sermones,</strong></span> <span class='ocrx_word' id='word_1_109' title='bbox 264 1094 472 1151; x_wconf 79' lang='lat' dir='ltr'><strong>tanquamvetita</strong></span> <span class='ocrx_word' id='word_1_110' title='bbox 481 1097 656 1158; x_wconf 66' lang='lat' dir='ltr'><strong>miscuissent,</strong></span> <span class='ocrx_word' id='word_1_111' title='bbox 671 1101 780 1165; x_wconf 84' lang='lat' dir='ltr'><strong>speciem</strong></span> <span class='ocrx_word' id='word_1_112' title='bbox 795 1112 854 1150; x_wconf 76' lang='lat' dir='ltr'><strong>arte</strong></span> <span class='ocrx_word' id='word_1_113' title='bbox 871 1103 940 1152; x_wconf 86' lang='lat' dir='ltr'><strong>ami-</strong></span> 
     </span>
     <span class='ocr_line' id='line_1_15' title="bbox 15 1149 940 1235; baseline 0.031 -41"><span class='ocrx_word' id='word_1_114' title='bbox 15 1149 87 1203; x_wconf 77' lang='lat' dir='ltr'><strong>lcitie</strong></span> <span class='ocrx_word' id='word_1_115' title='bbox 97 1149 193 1201; x_wconf 86' lang='lat' dir='ltr'><strong>facere.</strong></span> <span class='ocrx_word' id='word_1_116' title='bbox 210 1154 249 1205; x_wconf 90' lang='lat' dir='ltr'><strong>Ac</strong></span> <span class='ocrx_word' id='word_1_117' title='bbox 267 1157 316 1219; x_wconf 77' lang='lat' dir='ltr'><strong>jam</strong></span> <span class='ocrx_word' id='word_1_118' title='bbox 327 1162 397 1211; x_wconf 87' lang='lat' dir='ltr'><strong>ultro</strong></span> <span class='ocrx_word' id='word_1_119' title='bbox 409 1163 515 1216; x_wconf 83' lang='lat' dir='ltr'><strong>Sabinus</strong></span> <span class='ocrx_word' id='word_1_120' title='bbox 532 1186 643 1235; x_wconf 71' lang='lat' dir='ltr'><strong>quarere</strong></span> <span class='ocrx_word' id='word_1_121' title='bbox 663 1171 801 1235; x_wconf 82' lang='lat' dir='ltr'><strong>Latiarem,</strong></span> <span class='ocrx_word' id='word_1_122' title='bbox 814 1175 940 1224; x_wconf 84' lang='lat' dir='ltr'><strong>ventitare</strong></span> 
     </span>
     <span class='ocr_line' id='line_1_16' title="bbox 15 1220 780 1303; baseline 0.038 -34"><span class='ocrx_word' id='word_1_123' title='bbox 15 1220 17 1270; x_wconf 64' lang='grc' dir='ltr'>Γ</span> <span class='ocrx_word' id='word_1_124' title='bbox 30 1221 149 1288; x_wconf 84' lang='lat' dir='ltr'><strong>domum,</strong></span> <span class='ocrx_word' id='word_1_125' title='bbox 167 1226 269 1279; x_wconf 80' lang='lat' dir='ltr'><strong>dolores</strong></span> <span class='ocrx_word' id='word_1_126' title='bbox 280 1248 353 1294; x_wconf 84' lang='lat' dir='ltr'><strong>suot,</strong></span> <span class='ocrx_word' id='word_1_127' title='bbox 361 1238 434 1300; x_wconf 87' lang='lat' dir='ltr'><strong>quasi</strong></span> <span class='ocrx_word' id='word_1_128' title='bbox 446 1240 479 1287; x_wconf 78' lang='lat' dir='ltr'><strong>sd</strong></span> <span class='ocrx_word' id='word_1_129' title='bbox 489 1241 658 1303; x_wconf 83' lang='lat' dir='ltr'><strong>fidissimum,</strong></span> <span class='ocrx_word' id='word_1_130' title='bbox 671 1243 780 1299; x_wconf 49' lang='lat' dir='ltr'><strong>deferre(</strong></span> 
     </span>
    </p>

    <p class='ocr_par' dir='ltr' id='par_1_3' title="bbox 15 1274 987 2409">
     <span class='ocr_line' id='line_1_17' title="bbox 15 1274 939 1388; baseline 0.032 -45"><span class='ocrx_word' id='word_1_131' title='bbox 15 1274 17 1351; x_wconf 70' lang='lat' dir='ltr'><strong>i</strong></span> <span class='ocrx_word' id='word_1_132' title='bbox 56 1295 125 1348; x_wconf 84' lang='lat' dir='ltr'>LIX.</span> <span class='ocrx_word' id='word_1_133' title='bbox 143 1301 300 1354; x_wconf 70' lang='lat' dir='ltr'><strong>Consultant</strong></span> <span class='ocrx_word' id='word_1_134' title='bbox 313 1322 378 1371; x_wconf 86' lang='lat' dir='ltr'><strong>quos</strong></span> <span class='ocrx_word' id='word_1_135' title='bbox 393 1315 550 1373; x_wconf 85' lang='lat' dir='ltr'><strong>memorari,</strong></span> <span class='ocrx_word' id='word_1_136' title='bbox 563 1331 674 1378; x_wconf 82' lang='lat' dir='ltr'><strong>quonam</strong></span> <span class='ocrx_word' id='word_1_137' title='bbox 689 1319 766 1368; x_wconf 90' lang='lat' dir='ltr'><strong>modo</strong></span> <span class='ocrx_word' id='word_1_138' title='bbox 779 1337 808 1370; x_wconf 88' lang='lat' dir='ltr'><strong>es</strong></span> <span class='ocrx_word' id='word_1_139' title='bbox 825 1323 939 1388; x_wconf 77' lang='lat' dir='ltr'><strong>plurium</strong></span> 
     </span>
     <span class='ocr_line' id='line_1_18' title="bbox 15 1366 938 1449; baseline 0.035 -36"><span class='ocrx_word' id='word_1_140' title='bbox 15 1366 16 1375; x_wconf 55' lang='lat'>¹</span> <span class='ocrx_word' id='word_1_141' title='bbox 30 1367 117 1431; x_wconf 70' lang='lat' dir='ltr'><strong>auditu,</strong></span> <span class='ocrx_word' id='word_1_142' title='bbox 124 1376 304 1441; x_wconf 87' lang='lat' dir='ltr'><strong>acciperentur</strong></span> <span class='ocrx_word' id='word_1_143' title='bbox 316 1399 322 1427; x_wconf 80' lang='lat' dir='ltr'><strong>r</strong></span> <span class='ocrx_word' id='word_1_144' title='bbox 335 1399 396 1431; x_wconf 90' lang='lat' dir='ltr'><strong>nam</strong></span> <span class='ocrx_word' id='word_1_145' title='bbox 408 1385 481 1446; x_wconf 88' lang='lat' dir='ltr'><strong>loco,</strong></span> <span class='ocrx_word' id='word_1_146' title='bbox 495 1389 521 1434; x_wconf 88' lang='lat' dir='ltr'><strong>in</strong></span> <span class='ocrx_word' id='word_1_147' title='bbox 531 1403 608 1448; x_wconf 86' lang='lat' dir='ltr'><strong>quem</strong></span> <span class='ocrx_word' id='word_1_148' title='bbox 617 1389 748 1449; x_wconf 77' lang='lat' dir='ltr'><strong>coibatur,</strong></span> <span class='ocrx_word' id='word_1_149' title='bbox 763 1393 885 1444; x_wconf 81' lang='lat' dir='ltr'><strong>servanda</strong></span> <span class='ocrx_word' id='word_1_150' title='bbox 894 1411 938 1444; x_wconf 82' lang='lat' dir='ltr'><strong>to-</strong></span> 
     </span>
     <span class='ocr_line' id='line_1_19' title="bbox 15 1438 939 1528; baseline 0.024 -33"><span class='ocrx_word' id='word_1_151' title='bbox 15 1442 16 1495; x_wconf 72' lang='grc' dir='ltr'>Ῐ</span> <span class='ocrx_word' id='word_1_152' title='bbox 29 1438 141 1495; x_wconf 84' lang='lat' dir='ltr'><strong>litndiuis</strong></span> <span class='ocrx_word' id='word_1_153' title='bbox 152 1447 232 1501; x_wconf 80' lang='lat' dir='ltr'><strong>iacies</strong></span> <span class='ocrx_word' id='word_1_154' title='bbox 242 1471 248 1500; x_wconf 86' lang='lat'>:</span> <span class='ocrx_word' id='word_1_155' title='bbox 260 1462 287 1499; x_wconf 91' lang='lat' dir='ltr'><strong>et</strong></span> <span class='ocrx_word' id='word_1_156' title='bbox 296 1454 317 1502; x_wconf 85' lang='lat' dir='ltr'><strong>ri</strong></span> <span class='ocrx_word' id='word_1_157' title='bbox 324 1471 391 1519; x_wconf 87' lang='lat' dir='ltr'><strong>pone</strong></span> <span class='ocrx_word' id='word_1_158' title='bbox 399 1458 465 1506; x_wconf 83' lang='lat' dir='ltr'><strong>lorea</strong></span> <span class='ocrx_word' id='word_1_159' title='bbox 475 1457 640 1522; x_wconf 66' lang='lat' dir='ltr'><strong>adsisterent,</strong></span> <span class='ocrx_word' id='word_1_160' title='bbox 649 1473 731 1510; x_wconf 85' lang='lat' dir='ltr'><strong>metus</strong></span> <span class='ocrx_word' id='word_1_161' title='bbox 740 1464 807 1514; x_wconf 72' lang='lat' dir='ltr'><strong>vistis</strong></span> <span class='ocrx_word' id='word_1_162' title='bbox 814 1502 820 1523; x_wconf 86' lang='lat'><em>,</em></span> <span class='ocrx_word' id='word_1_163' title='bbox 827 1467 939 1528; x_wconf 78' lang='lat' dir='ltr'><strong>souitba,</strong></span> 
     </span>
     <span class='ocr_line' id='line_1_20' title="bbox 15 1516 939 1600; baseline 0.027 -37"><span class='ocrx_word' id='word_1_164' title='bbox 15 1524 16 1570; x_wconf 50' lang='lat' dir='ltr'><strong>l</strong></span> <span class='ocrx_word' id='word_1_165' title='bbox 31 1527 69 1563; x_wconf 87' lang='lat' dir='ltr'><strong>aut</strong></span> <span class='ocrx_word' id='word_1_166' title='bbox 80 1516 147 1569; x_wconf 70' lang='lat' dir='ltr'><strong>lorti</strong></span> <span class='ocrx_word' id='word_1_167' title='bbox 161 1535 225 1572; x_wconf 81' lang='lat' dir='ltr'><strong>ortae</strong></span> <span class='ocrx_word' id='word_1_168' title='bbox 237 1525 389 1588; x_wconf 82' lang='lat' dir='ltr'><strong>suspicionis</strong></span> <span class='ocrx_word' id='word_1_169' title='bbox 406 1540 468 1581; x_wconf 85' lang='lat' dir='ltr'><strong>erat.</strong></span> <span class='ocrx_word' id='word_1_170' title='bbox 487 1529 595 1580; x_wconf 86' lang='lat' dir='ltr'><strong>Tectum</strong></span> <span class='ocrx_word' id='word_1_171' title='bbox 614 1533 681 1581; x_wconf 87' lang='lat' dir='ltr'><strong>inter</strong></span> <span class='ocrx_word' id='word_1_172' title='bbox 693 1545 719 1582; x_wconf 86' lang='lat' dir='ltr'><strong>ct</strong></span> <span class='ocrx_word' id='word_1_173' title='bbox 731 1536 872 1600; x_wconf 85' lang='lat' dir='ltr'><strong>laquearia,</strong></span> <span class='ocrx_word' id='word_1_174' title='bbox 888 1548 939 1588; x_wconf 79' lang='lat' dir='ltr'><strong>tres</strong></span> 
     </span>
     <span class='ocr_line' id='line_1_21' title="bbox 15 1582 939 1679; baseline 0.023 -41"><span class='ocrx_word' id='word_1_175' title='bbox 15 1582 16 1587; x_wconf 63' lang='grc'>’</span> <span class='ocrx_word' id='word_1_176' title='bbox 30 1603 169 1653; x_wconf 72' lang='lat' dir='ltr'><strong>senatores,</strong></span> <span class='ocrx_word' id='word_1_177' title='bbox 185 1595 255 1647; x_wconf 83' lang='lat' dir='ltr'><strong>haud</strong></span> <span class='ocrx_word' id='word_1_178' title='bbox 271 1597 358 1648; x_wconf 82' lang='lat' dir='ltr'><strong>minias</strong></span> <span class='ocrx_word' id='word_1_179' title='bbox 374 1604 444 1667; x_wconf 84' lang='lat' dir='ltr'><strong>turpi</strong></span> <span class='ocrx_word' id='word_1_180' title='bbox 461 1593 558 1652; x_wconf 75' lang='lat' dir='ltr'><strong>latebri</strong></span> <span class='ocrx_word' id='word_1_181' title='bbox 575 1604 651 1670; x_wconf 79' lang='lat' dir='ltr'><strong>quim</strong></span> <span class='ocrx_word' id='word_1_182' title='bbox 668 1607 815 1658; x_wconf 77' lang='lat' dir='ltr'><strong>deterrendi</strong></span> <span class='ocrx_word' id='word_1_183' title='bbox 834 1609 939 1679; x_wconf 74' lang='lat' dir='ltr'><strong>fraude,</strong></span> 
     </span>
     <span class='ocr_line' id='line_1_22' title="bbox 32 1667 939 1735; baseline 0.029 -26"><span class='ocrx_word' id='word_1_184' title='bbox 32 1677 77 1710; x_wconf 80' lang='lat' dir='ltr'><strong>sese</strong></span> <span class='ocrx_word' id='word_1_185' title='bbox 91 1667 265 1733; x_wconf 76' lang='lat' dir='ltr'><strong>abstrudunt3</strong></span> <span class='ocrx_word' id='word_1_186' title='bbox 278 1671 444 1726; x_wconf 73' lang='lat' dir='ltr'><strong>foraminibus</strong></span> <span class='ocrx_word' id='word_1_187' title='bbox 456 1687 483 1725; x_wconf 90' lang='lat' dir='ltr'><strong>et</strong></span> <span class='ocrx_word' id='word_1_188' title='bbox 494 1677 566 1725; x_wconf 86' lang='lat' dir='ltr'><strong>rimis</strong></span> <span class='ocrx_word' id='word_1_189' title='bbox 581 1693 667 1728; x_wconf 85' lang='lat' dir='ltr'><strong>aurem</strong></span> <span class='ocrx_word' id='word_1_190' title='bbox 679 1679 827 1734; x_wconf 82' lang='lat' dir='ltr'><strong>admovent.</strong></span> <span class='ocrx_word' id='word_1_191' title='bbox 839 1681 939 1735; x_wconf 80' lang='lat' dir='ltr'><strong>Interei</strong></span> 
     </span>
     <span class='ocr_line' id='line_1_23' title="bbox 15 1733 939 1831; baseline 0.028 -48"><span class='ocrx_word' id='word_1_192' title='bbox 15 1754 16 1773; x_wconf 73' lang='lat'><em>÷</em></span> <span class='ocrx_word' id='word_1_193' title='bbox 31 1733 129 1790; x_wconf 79' lang='lat' dir='ltr'><strong>Latiaris</strong></span> <span class='ocrx_word' id='word_1_194' title='bbox 135 1753 270 1808; x_wconf 81' lang='lat' dir='ltr'><strong>repertum</strong></span> <span class='ocrx_word' id='word_1_195' title='bbox 278 1746 304 1795; x_wconf 92' lang='lat' dir='ltr'><strong>in</strong></span> <span class='ocrx_word' id='word_1_196' title='bbox 313 1748 416 1811; x_wconf 86' lang='lat' dir='ltr'><strong>publico</strong></span> <span class='ocrx_word' id='word_1_197' title='bbox 422 1751 561 1816; x_wconf 86' lang='lat' dir='ltr'><strong>Sabinum,</strong></span> <span class='ocrx_word' id='word_1_198' title='bbox 571 1752 641 1804; x_wconf 80' lang='lat' dir='ltr'><strong>velut</strong></span> <span class='ocrx_word' id='word_1_199' title='bbox 650 1753 737 1806; x_wconf 68' lang='lat' dir='ltr'><strong>reclus</strong></span> <span class='ocrx_word' id='word_1_200' title='bbox 743 1759 842 1831; x_wconf 72' lang='lat' dir='ltr'><strong>coguita</strong></span> <span class='ocrx_word' id='word_1_201' title='bbox 850 1775 939 1808; x_wconf 90' lang='lat' dir='ltr'><strong>narra·</strong></span> 
     </span>
     <span class='ocr_line' id='line_1_24' title="bbox 31 1814 938 1894; baseline 0.026 -37"><span class='ocrx_word' id='word_1_202' title='bbox 31 1816 110 1871; x_wconf 87' lang='lat' dir='ltr'><strong>turus,</strong></span> <span class='ocrx_word' id='word_1_203' title='bbox 121 1814 232 1866; x_wconf 87' lang='lat' dir='ltr'><strong>domurn</strong></span> <span class='ocrx_word' id='word_1_204' title='bbox 244 1830 272 1868; x_wconf 85' lang='lat' dir='ltr'><strong>et</strong></span> <span class='ocrx_word' id='word_1_205' title='bbox 280 1820 307 1881; x_wconf 77' lang='lat' dir='ltr'><strong>i‘u</strong></span> <span class='ocrx_word' id='word_1_206' title='bbox 323 1823 469 1874; x_wconf 80' lang='lat' dir='ltr'><strong>cubiculum</strong></span> <span class='ocrx_word' id='word_1_207' title='bbox 477 1825 574 1890; x_wconf 88' lang='lat' dir='ltr'><strong>trahit;</strong></span> <span class='ocrx_word' id='word_1_208' title='bbox 587 1829 761 1894; x_wconf 71' lang='lat' dir='ltr'><strong>preteritaque</strong></span> <span class='ocrx_word' id='word_1_209' title='bbox 770 1843 796 1880; x_wconf 89' lang='lat' dir='ltr'><strong>et</strong></span> <span class='ocrx_word' id='word_1_210' title='bbox 807 1831 938 1894; x_wconf 84' lang='lat' dir='ltr'><strong>instantis,</strong></span> 
     </span>
     <span class='ocr_line' id='line_1_25' title="bbox 15 1876 938 1968; baseline 0.012 -23"><span class='ocrx_word' id='word_1_211' title='bbox 15 1876 16 1947; x_wconf 66' lang='lat' dir='ltr'><strong>i</strong></span> <span class='ocrx_word' id='word_1_212' title='bbox 31 1897 131 1945; x_wconf 72' lang='lat' dir='ltr'><strong>‘luorum</strong></span> <span class='ocrx_word' id='word_1_213' title='bbox 143 1888 251 1939; x_wconf 79' lang='lat' dir='ltr'><strong>adfatim</strong></span> <span class='ocrx_word' id='word_1_214' title='bbox 263 1897 351 1959; x_wconf 81' lang='lat' dir='ltr'><strong>copia.</strong></span> <span class='ocrx_word' id='word_1_215' title='bbox 368 1913 398 1946; x_wconf 89' lang='lat' dir='ltr'><strong>ac</strong></span> <span class='ocrx_word' id='word_1_216' title='bbox 411 1915 493 1949; x_wconf 81' lang='lat' dir='ltr'><strong>novos</strong></span> <span class='ocrx_word' id='word_1_217' title='bbox 504 1911 614 1951; x_wconf 88' lang='lat' dir='ltr'><strong>terrores</strong></span> <span class='ocrx_word' id='word_1_218' title='bbox 632 1903 754 1963; x_wconf 84' lang='lat' dir='ltr'><strong>cumulat.</strong></span> <span class='ocrx_word' id='word_1_219' title='bbox 769 1904 863 1956; x_wconf 84' lang='lat' dir='ltr'><strong>lisdem</strong></span> <span class='ocrx_word' id='word_1_220' title='bbox 879 1905 923 1956; x_wconf 83' lang='lat' dir='ltr'><strong>ills</strong></span> <span class='ocrx_word' id='word_1_221' title='bbox 930 1941 938 1968; x_wconf 91' lang='lat'>‚</span> 
     </span>
     <span class='ocr_line' id='line_1_26' title="bbox 15 1959 939 2044; baseline 0.029 -39"><span class='ocrx_word' id='word_1_222' title='bbox 15 1984 16 1999; x_wconf 47' lang='lat' dir='ltr'><strong>r</strong></span> <span class='ocrx_word' id='word_1_223' title='bbox 31 1969 51 2006; x_wconf 86' lang='lat' dir='ltr'><strong>tt</strong></span> <span class='ocrx_word' id='word_1_224' title='bbox 66 1959 178 2024; x_wconf 86' lang='lat' dir='ltr'><strong>diutius,</strong></span> <span class='ocrx_word' id='word_1_225' title='bbox 190 1966 285 2030; x_wconf 85' lang='lat' dir='ltr'><strong>quantd</strong></span> <span class='ocrx_word' id='word_1_226' title='bbox 301 1982 406 2033; x_wconf 79' lang='lat' dir='ltr'><strong>moesta,</strong></span> <span class='ocrx_word' id='word_1_227' title='bbox 418 1974 463 2024; x_wconf 91' lang='lat' dir='ltr'><strong>ubi</strong></span> <span class='ocrx_word' id='word_1_228' title='bbox 477 1977 557 2026; x_wconf 84' lang='lat' dir='ltr'><strong>semel</strong></span> <span class='ocrx_word' id='word_1_229' title='bbox 569 1977 722 2044; x_wconf 72' lang='lat' dir='ltr'><strong>prorupere,</strong></span> <span class='ocrx_word' id='word_1_230' title='bbox 734 1976 860 2030; x_wconf 80' lang='lat' dir='ltr'><strong>difficilius</strong></span> <span class='ocrx_word' id='word_1_231' title='bbox 874 1981 939 2032; x_wconf 84' lang='lat' dir='ltr'><strong>reti-</strong></span> 
     </span>
     <span class='ocr_line' id='line_1_27' title="bbox 31 2038 938 2116; baseline 0.026 -37"><span class='ocrx_word' id='word_1_232' title='bbox 31 2045 120 2086; x_wconf 86' lang='lat' dir='ltr'><strong>centur.</strong></span> <span class='ocrx_word' id='word_1_233' title='bbox 133 2038 272 2106; x_wconf 78' lang='lat' dir='ltr'><strong>Properate</strong></span> <span class='ocrx_word' id='word_1_234' title='bbox 282 2042 341 2092; x_wconf 71' lang='lat' dir='ltr'><strong>inde</strong></span> <span class='ocrx_word' id='word_1_235' title='bbox 350 2049 478 2096; x_wconf 85' lang='lat' dir='ltr'><strong>accusatio</strong></span> <span class='ocrx_word' id='word_1_236' title='bbox 487 2085 495 2108; x_wconf 91' lang='lat'>,</span> <span class='ocrx_word' id='word_1_237' title='bbox 503 2051 637 2116; x_wconf 81' lang='lat' dir='ltr'><strong>missisque</strong></span> <span class='ocrx_word' id='word_1_238' title='bbox 650 2051 684 2100; x_wconf 88' lang='lat' dir='ltr'><strong>ad</strong></span> <span class='ocrx_word' id='word_1_239' title='bbox 694 2052 817 2102; x_wconf 76' lang='lat' dir='ltr'><strong>Cesaram</strong></span> <span class='ocrx_word' id='word_1_240' title='bbox 831 2054 938 2114; x_wconf 80' lang='lat' dir='ltr'><strong>litteris,</strong></span> 
     </span>
     <span class='ocr_line' id='line_1_28' title="bbox 15 2106 987 2184; baseline 0.027 -34"><span class='ocrx_word' id='word_1_241' title='bbox 15 2140 16 2143; x_wconf 66' lang='lat'>,</span> <span class='ocrx_word' id='word_1_242' title='bbox 31 2106 140 2160; x_wconf 85' lang='lat' dir='ltr'><strong>ordinem</strong></span> <span class='ocrx_word' id='word_1_243' title='bbox 150 2113 263 2174; x_wconf 77' lang='lat' dir='ltr'><strong>fraudis,</strong></span> <span class='ocrx_word' id='word_1_244' title='bbox 276 2135 401 2182; x_wconf 84' lang='lat' dir='ltr'><strong>suumque</strong></span> <span class='ocrx_word' id='word_1_245' title='bbox 413 2121 462 2184; x_wconf 83' lang='lat' dir='ltr'><strong>ipsi</strong></span> <span class='ocrx_word' id='word_1_246' title='bbox 472 2119 581 2172; x_wconf 77' lang='lat' dir='ltr'><strong>dedecus</strong></span> <span class='ocrx_word' id='word_1_247' title='bbox 589 2124 733 2174; x_wconf 71' lang='lat' dir='ltr'><strong>armavere.</strong></span> <span class='ocrx_word' id='word_1_248' title='bbox 746 2126 803 2175; x_wconf 90' lang='lat' dir='ltr'><strong>Non</strong></span> <span class='ocrx_word' id='word_1_249' title='bbox 813 2126 872 2175; x_wconf 85' lang='lat' dir='ltr'><strong>aliis</strong></span> <span class='ocrx_word' id='word_1_250' title='bbox 882 2141 939 2174; x_wconf 83' lang='lat' dir='ltr'><strong>ma-</strong></span> <span class='ocrx_word' id='word_1_251' title='bbox 978 2159 987 2168; x_wconf 95' lang='lat'>-</span> 
     </span>
     <span class='ocr_line' id='line_1_29' title="bbox 15 2183 937 2266; baseline 0.017 -36"><span class='ocrx_word' id='word_1_252' title='bbox 15 2186 16 2209; x_wconf 57' lang='lat' dir='ltr'><strong>r</strong></span> <span class='ocrx_word' id='word_1_253' title='bbox 31 2183 63 2244; x_wconf 74' lang='lat' dir='ltr'><strong>gis</strong></span> <span class='ocrx_word' id='word_1_254' title='bbox 74 2190 152 2236; x_wconf 81' lang='lat' dir='ltr'><strong>auxia</strong></span> <span class='ocrx_word' id='word_1_255' title='bbox 164 2202 190 2238; x_wconf 84' lang='lat' dir='ltr'><strong>et</strong></span> <span class='ocrx_word' id='word_1_256' title='bbox 198 2206 294 2256; x_wconf 83' lang='lat' dir='ltr'><strong>pavens</strong></span> <span class='ocrx_word' id='word_1_257' title='bbox 304 2195 409 2252; x_wconf 83' lang='lat' dir='ltr'><strong>civitas,</strong></span> <span class='ocrx_word' id='word_1_258' title='bbox 422 2209 498 2260; x_wconf 69' lang='lat' dir='ltr'><strong>egens</strong></span> <span class='ocrx_word' id='word_1_259' title='bbox 509 2195 645 2246; x_wconf 76' lang='lat' dir='ltr'><strong>adversim</strong></span> <span class='ocrx_word' id='word_1_260' title='bbox 656 2199 805 2266; x_wconf 74' lang='lat' dir='ltr'><strong>proxim013</strong></span> <span class='ocrx_word' id='word_1_261' title='bbox 821 2214 937 2265; x_wconf 78' lang='lat' dir='ltr'><strong>congrer-</strong></span> 
     </span>
     <span class='ocr_line' id='line_1_30' title="bbox 31 2256 937 2340; baseline 0.02 -36"><span class='ocrx_word' id='word_1_262' title='bbox 31 2271 81 2316; x_wconf 81' lang='lat' dir='ltr'><strong>aus,</strong></span> <span class='ocrx_word' id='word_1_263' title='bbox 97 2256 245 2327; x_wconf 81' lang='lat' dir='ltr'><strong>colloquia,</strong></span> <span class='ocrx_word' id='word_1_264' title='bbox 258 2278 324 2316; x_wconf 80' lang='lat' dir='ltr'><strong>notae</strong></span> <span class='ocrx_word' id='word_1_265' title='bbox 337 2269 476 2337; x_wconf 67' lang='lat' dir='ltr'><strong>ignotaque</strong></span> <span class='ocrx_word' id='word_1_266' title='bbox 490 2285 564 2318; x_wconf 87' lang='lat' dir='ltr'><strong>aures</strong></span> <span class='ocrx_word' id='word_1_267' title='bbox 578 2270 669 2318; x_wconf 88' lang='lat' dir='ltr'><strong>vitari:</strong></span> <span class='ocrx_word' id='word_1_268' title='bbox 682 2269 759 2334; x_wconf 77' lang='lat' dir='ltr'><strong>etiam</strong></span> <span class='ocrx_word' id='word_1_269' title='bbox 775 2285 846 2322; x_wconf 84' lang='lat' dir='ltr'><strong>muta</strong></span> <span class='ocrx_word' id='word_1_270' title='bbox 862 2285 937 2340; x_wconf 83' lang='lat' dir='ltr'><strong>atque</strong></span> 
     </span>
     <span class='ocr_line' id='line_1_31' title="bbox 33 2331 725 2409; baseline 0.022 -31"><span class='ocrx_word' id='word_1_271' title='bbox 33 2331 155 2396; x_wconf 80' lang='lat' dir='ltr'><strong>inanima,</strong></span> <span class='ocrx_word' id='word_1_272' title='bbox 172 2345 269 2390; x_wconf 77' lang='lat' dir='ltr'><strong>tectum</strong></span> <span class='ocrx_word' id='word_1_273' title='bbox 278 2353 305 2390; x_wconf 90' lang='lat' dir='ltr'><strong>et</strong></span> <span class='ocrx_word' id='word_1_274' title='bbox 317 2343 427 2407; x_wconf 84' lang='lat' dir='ltr'><strong>parietes</strong></span> <span class='ocrx_word' id='word_1_275' title='bbox 437 2344 725 2409; x_wconf 85' lang='lat' dir='ltr'><strong>circumspcctsbantur.</strong></span> 
     </span>
    </p>

    <p class='ocr_par' dir='ltr' id='par_1_4' title="bbox 32 2405 968 2999">
     <span class='ocr_line' id='line_1_32' title="bbox 57 2405 937 2484; baseline 0.014 -29"><span class='ocrx_word' id='word_1_276' title='bbox 57 2405 140 2458; x_wconf 83' lang='lat' dir='ltr'>LXX.</span> <span class='ocrx_word' id='word_1_277' title='bbox 150 2410 201 2458; x_wconf 79' lang='lat' dir='ltr'><strong>sed</strong></span> <span class='ocrx_word' id='word_1_278' title='bbox 210 2413 292 2461; x_wconf 75' lang='lat' dir='ltr'><strong>Caesar</strong></span> <span class='ocrx_word' id='word_1_279' title='bbox 300 2415 414 2463; x_wconf 87' lang='lat' dir='ltr'><strong>solennia</strong></span> <span class='ocrx_word' id='word_1_280' title='bbox 423 2416 570 2482; x_wconf 82' lang='lat' dir='ltr'><strong>incipientis</strong></span> <span class='ocrx_word' id='word_1_281' title='bbox 578 2416 651 2470; x_wconf 86' lang='lat' dir='ltr'><strong>anni,</strong></span> <span class='ocrx_word' id='word_1_282' title='bbox 664 2414 788 2466; x_wconf 80' lang='lat' dir='ltr'><strong>Kalendis</strong></span> <span class='ocrx_word' id='word_1_283' title='bbox 797 2415 937 2484; x_wconf 65' lang='lat' dir='ltr'><strong>Januariltj</strong></span> 
     </span>
     <span class='ocr_line' id='line_1_33' title="bbox 32 2480 957 2550; baseline 0.014 -25"><span class='ocrx_word' id='word_1_284' title='bbox 32 2480 134 2543; x_wconf 57' lang='lat' dir='ltr'><strong>epistol&amp;</strong></span> <span class='ocrx_word' id='word_1_285' title='bbox 141 2497 274 2549; x_wconf 84' lang='lat' dir='ltr'><strong>precatus;</strong></span> <span class='ocrx_word' id='word_1_286' title='bbox 286 2486 364 2534; x_wconf 77' lang='lat' dir='ltr'><strong>vertit</strong></span> <span class='ocrx_word' id='word_1_287' title='bbox 374 2486 400 2534; x_wconf 93' lang='lat' dir='ltr'><strong>in</strong></span> <span class='ocrx_word' id='word_1_288' title='bbox 410 2486 549 2544; x_wconf 84' lang='lat' dir='ltr'><strong>Sabinum,</strong></span> <span class='ocrx_word' id='word_1_289' title='bbox 562 2497 716 2550; x_wconf 76' lang='lat' dir='ltr'><strong>«corruptos</strong></span> <span class='ocrx_word' id='word_1_290' title='bbox 725 2485 848 2549; x_wconf 87' lang='lat' dir='ltr'><strong>quosdam</strong></span> <span class='ocrx_word' id='word_1_291' title='bbox 859 2490 939 2538; x_wconf 85' lang='lat' dir='ltr'><strong>liber·</strong></span> <span class='ocrx_word' id='word_1_292' title='bbox 955 2539 957 2546; x_wconf 27' lang='lat' dir='ltr'><strong><em>s</em></strong></span> 
     </span>
     <span class='ocr_line' id='line_1_34' title="bbox 34 2558 939 2628; baseline 0.012 -28"><span class='ocrx_word' id='word_1_293' title='bbox 34 2561 126 2615; x_wconf 80' lang='lat' dir='ltr'><strong>torum,</strong></span> <span class='ocrx_word' id='word_1_294' title='bbox 137 2570 164 2606; x_wconf 92' lang='lat' dir='ltr'><strong>et</strong></span> <span class='ocrx_word' id='word_1_295' title='bbox 173 2561 288 2625; x_wconf 82' lang='lat' dir='ltr'><strong>petitum</strong></span> <span class='ocrx_word' id='word_1_296' title='bbox 295 2576 342 2609; x_wconf 86' lang='lat' dir='ltr'><strong>sen</strong></span> <span class='ocrx_word' id='word_1_297' title='bbox 353 2575 476 2625; x_wconf 72' lang='lat' dir='ltr'><strong>arguens,</strong></span> <span class='ocrx_word' id='word_1_298' title='bbox 488 2561 665 2624; x_wconf 83' lang='lat' dir='ltr'><strong>ultionemque</strong></span> <span class='ocrx_word' id='word_1_299' title='bbox 678 2558 746 2607; x_wconf 89' lang='lat' dir='ltr'><strong>haud</strong></span> <span class='ocrx_word' id='word_1_300' title='bbox 756 2559 862 2609; x_wconf 73' lang='lat' dir='ltr'><strong>obscure</strong></span> <span class='ocrx_word' id='word_1_301' title='bbox 874 2575 939 2628; x_wconf 78' lang='lat' dir='ltr'><strong>pos-</strong></span> 
     </span>
     <span class='ocr_line' id='line_1_35' title="bbox 34 2630 938 2701; baseline 0.015 -27"><span class='ocrx_word' id='word_1_302' title='bbox 34 2630 97 2680; x_wconf 80' lang='lat' dir='ltr'><strong>erbas</strong></span> <span class='ocrx_word' id='word_1_303' title='bbox 109 2649 117 2680; x_wconf 78' lang='lat' dir='ltr'><strong><em>z</em></strong></span> <span class='ocrx_word' id='word_1_304' title='bbox 135 2649 182 2686; x_wconf 89' lang='lat' dir='ltr'><strong>nec</strong></span> <span class='ocrx_word' id='word_1_305' title='bbox 199 2651 283 2696; x_wconf 87' lang='lat' dir='ltr'><strong>mora,</strong></span> <span class='ocrx_word' id='word_1_306' title='bbox 300 2637 363 2700; x_wconf 83' lang='lat' dir='ltr'><strong>quin</strong></span> <span class='ocrx_word' id='word_1_307' title='bbox 377 2635 575 2693; x_wconf 77' lang='lat' dir='ltr'><strong>decerneretur:</strong></span> <span class='ocrx_word' id='word_1_308' title='bbox 588 2649 614 2685; x_wconf 84' lang='lat' dir='ltr'><strong>st</strong></span> <span class='ocrx_word' id='word_1_309' title='bbox 628 2633 777 2686; x_wconf 75' lang='lat' dir='ltr'><strong>trahebatur</strong></span> <span class='ocrx_word' id='word_1_310' title='bbox 788 2635 938 2701; x_wconf 77' lang='lat' dir='ltr'><strong>damnatus,</strong></span> 
     </span>
     <span class='ocr_line' id='line_1_36' title="bbox 34 2707 968 2777; baseline 0.017 -30"><span class='ocrx_word' id='word_1_311' title='bbox 34 2716 164 2765; x_wconf 89' lang='lat' dir='ltr'><strong>qnantum,</strong></span> <span class='ocrx_word' id='word_1_312' title='bbox 175 2707 284 2758; x_wconf 76' lang='lat' dir='ltr'><strong>obducti</strong></span> <span class='ocrx_word' id='word_1_313' title='bbox 293 2711 376 2766; x_wconf 81' lang='lat' dir='ltr'><strong>reite,</strong></span> <span class='ocrx_word' id='word_1_314' title='bbox 388 2721 415 2759; x_wconf 88' lang='lat' dir='ltr'><strong>et</strong></span> <span class='ocrx_word' id='word_1_315' title='bbox 424 2708 552 2766; x_wconf 84' lang='lat' dir='ltr'><strong>adstrictis</strong></span> <span class='ocrx_word' id='word_1_316' title='bbox 562 2708 677 2760; x_wconf 84' lang='lat' dir='ltr'><strong>lancibus</strong></span> <span class='ocrx_word' id='word_1_317' title='bbox 686 2745 694 2771; x_wconf 81' lang='lat'>,</span> <span class='ocrx_word' id='word_1_318' title='bbox 703 2710 749 2758; x_wconf 87' lang='lat' dir='ltr'><strong>niti</strong></span> <span class='ocrx_word' id='word_1_319' title='bbox 759 2720 872 2777; x_wconf 86' lang='lat' dir='ltr'><strong>poterat,</strong></span> <span class='ocrx_word' id='word_1_320' title='bbox 883 2713 937 2762; x_wconf 83' lang='lat' dir='ltr'><strong>cla·</strong></span> <span class='ocrx_word' id='word_1_321' title='bbox 965 2764 968 2772; x_wconf 77' lang='grc'><strong><em>,</em></strong></span> 
     </span>
     <span class='ocr_line' id='line_1_37' title="bbox 35 2778 936 2851; baseline 0.016 -29"><span class='ocrx_word' id='word_1_322' title='bbox 35 2778 129 2836; x_wconf 77' lang='lat' dir='ltr'><strong>mirans,</strong></span> <span class='ocrx_word' id='word_1_323' title='bbox 143 2781 206 2828; x_wconf 72' lang='lat' dir='ltr'><strong>«Sic</strong></span> <span class='ocrx_word' id='word_1_324' title='bbox 218 2781 334 2832; x_wconf 80' lang='lat' dir='ltr'><strong>inchoari</strong></span> <span class='ocrx_word' id='word_1_325' title='bbox 347 2782 504 2842; x_wconf 64' lang='lat' dir='ltr'><strong>accumbas</strong></span> <span class='ocrx_word' id='word_1_326' title='bbox 515 2785 604 2848; x_wconf 77' lang='lat' dir='ltr'><strong>Seiano</strong></span> <span class='ocrx_word' id='word_1_327' title='bbox 616 2785 730 2832; x_wconf 81' lang='lat' dir='ltr'><strong>victimas</strong></span> <span class='ocrx_word' id='word_1_328' title='bbox 745 2782 870 2834; x_wconf 73' lang='lat' dir='ltr'><strong>caderes:</strong></span> <span class='ocrx_word' id='word_1_329' title='bbox 885 2785 936 2851; x_wconf 85' lang='lat' dir='ltr'><strong>qud</strong></span> 
     </span>
     <span class='ocr_line' id='line_1_38' title="bbox 35 2850 937 2926; baseline 0.016 -27"><span class='ocrx_word' id='word_1_330' title='bbox 35 2850 178 2902; x_wconf 78' lang='lat' dir='ltr'><strong>intendisset</strong></span> <span class='ocrx_word' id='word_1_331' title='bbox 186 2857 288 2915; x_wconf 82' lang='lat' dir='ltr'><strong>oculos,</strong></span> <span class='ocrx_word' id='word_1_332' title='bbox 301 2854 352 2920; x_wconf 80' lang='lat' dir='ltr'><strong>qui)</strong></span> <span class='ocrx_word' id='word_1_333' title='bbox 367 2857 444 2906; x_wconf 80' lang='lat' dir='ltr'><strong>verba</strong></span> <span class='ocrx_word' id='word_1_334' title='bbox 456 2857 603 2908; x_wconf 79' lang='lat' dir='ltr'><strong>reciderent</strong></span> <span class='ocrx_word' id='word_1_335' title='bbox 613 2895 621 2924; x_wconf 88' lang='lat'>,</span> <span class='ocrx_word' id='word_1_336' title='bbox 632 2859 705 2926; x_wconf 79' lang='lat' dir='ltr'><strong>luga,</strong></span> <span class='ocrx_word' id='word_1_337' title='bbox 720 2859 840 2908; x_wconf 72' lang='lat' dir='ltr'><strong>vastitati</strong></span> <span class='ocrx_word' id='word_1_338' title='bbox 854 2859 937 2910; x_wconf 78' lang='lat' dir='ltr'><strong>deseri</strong></span> 
     </span>
     <span class='ocr_line' id='line_1_39' title="bbox 35 2924 937 2999; baseline 0.017 -29"><span class='ocrx_word' id='word_1_339' title='bbox 35 2924 115 2984; x_wconf 81' lang='lat' dir='ltr'><strong>itinera</strong></span> <span class='ocrx_word' id='word_1_340' title='bbox 125 2964 132 2982; x_wconf 89' lang='lat'><strong>.</strong></span> <span class='ocrx_word' id='word_1_341' title='bbox 143 2927 212 2979; x_wconf 75' lang='lat' dir='ltr'><strong>fora:</strong></span> <span class='ocrx_word' id='word_1_342' title='bbox 225 2941 252 2978; x_wconf 89' lang='lat' dir='ltr'><strong>et</strong></span> <span class='ocrx_word' id='word_1_343' title='bbox 261 2929 366 2994; x_wconf 85' lang='lat' dir='ltr'><strong>qnidam</strong></span> <span class='ocrx_word' id='word_1_344' title='bbox 376 2929 603 2996; x_wconf 78' lang='lat' dir='ltr'><strong>regrediebantur,</strong></span> <span class='ocrx_word' id='word_1_345' title='bbox 618 2931 829 2999; x_wconf 78' lang='lat' dir='ltr'><strong>ostentabantque</strong></span> <span class='ocrx_word' id='word_1_346' title='bbox 843 2949 869 2982; x_wconf 83' lang='lat' dir='ltr'><strong>re</strong></span> <span class='ocrx_word' id='word_1_347' title='bbox 878 2951 937 2985; x_wconf 87' lang='lat' dir='ltr'><strong>rnr-</strong></span> 
     </span>
    </p>

    <p class='ocr_par' dir='ltr' id='par_1_5' title="bbox 14 2990 937 3441">
     <span class='ocr_line' id='line_1_40' title="bbox 14 2990 937 3092; baseline 0.016 -47"><span class='ocrx_word' id='word_1_348' title='bbox 14 2992 19 3077; x_wconf 49' lang='lat' dir='ltr'><strong>i</strong></span> <span class='ocrx_word' id='word_1_349' title='bbox 36 2997 80 3046; x_wconf 78' lang='lat' dir='ltr'><strong>siun</strong></span> <span class='ocrx_word' id='word_1_350' title='bbox 86 3037 94 3060; x_wconf 89' lang='lat'>,</span> <span class='ocrx_word' id='word_1_351' title='bbox 105 3001 132 3048; x_wconf 90' lang='lat' dir='ltr'><strong>id</strong></span> <span class='ocrx_word' id='word_1_352' title='bbox 143 3003 226 3066; x_wconf 87' lang='lat' dir='ltr'><strong>ipsum</strong></span> <span class='ocrx_word' id='word_1_353' title='bbox 234 3015 367 3068; x_wconf 78' lang='lat' dir='ltr'><strong>paventes,</strong></span> <span class='ocrx_word' id='word_1_354' title='bbox 376 3002 447 3068; x_wconf 84' lang='lat' dir='ltr'><strong>qubd</strong></span> <span class='ocrx_word' id='word_1_355' title='bbox 458 2990 603 3054; x_wconf 81' lang='lat' dir='ltr'><strong>tinuissent.</strong></span> <span class='ocrx_word' id='word_1_356' title='bbox 616 3023 631 3056; x_wconf 83' lang='lat' dir='ltr'><strong>c&lt;</strong></span> <span class='ocrx_word' id='word_1_357' title='bbox 639 3007 720 3070; x_wconf 87' lang='lat' dir='ltr'><strong>Quem</strong></span> <span class='ocrx_word' id='word_1_358' title='bbox 730 3006 799 3058; x_wconf 83' lang='lat' dir='ltr'><strong>enim</strong></span> <span class='ocrx_word' id='word_1_359' title='bbox 810 3006 879 3055; x_wconf 85' lang='lat' dir='ltr'><strong>diem</strong></span> <span class='ocrx_word' id='word_1_360' title='bbox 888 3025 937 3092; x_wconf 66' lang='lat' dir='ltr'><strong>ret·</strong></span> 
     </span>
     <span class='ocr_line' id='line_1_41' title="bbox 36 3075 936 3147; baseline 0.01 -26"><span class='ocrx_word' id='word_1_361' title='bbox 36 3085 101 3124; x_wconf 83' lang='lat' dir='ltr'><strong>tuum</strong></span> <span class='ocrx_word' id='word_1_362' title='bbox 110 3075 202 3141; x_wconf 43' lang='lat' dir='ltr'><strong>‚pounb</strong></span> <span class='ocrx_word' id='word_1_363' title='bbox 218 3077 263 3124; x_wconf 88' lang='lat' dir='ltr'><strong>ubi</strong></span> <span class='ocrx_word' id='word_1_364' title='bbox 272 3077 339 3128; x_wconf 84' lang='lat' dir='ltr'><strong>iuter</strong></span> <span class='ocrx_word' id='word_1_365' title='bbox 351 3093 422 3128; x_wconf 86' lang='lat' dir='ltr'><strong>sacra</strong></span> <span class='ocrx_word' id='word_1_366' title='bbox 434 3089 460 3126; x_wconf 92' lang='lat' dir='ltr'><strong>et</strong></span> <span class='ocrx_word' id='word_1_367' title='bbox 475 3089 553 3136; x_wconf 82' lang='lat' dir='ltr'><strong>vota,</strong></span> <span class='ocrx_word' id='word_1_368' title='bbox 568 3095 619 3144; x_wconf 90' lang='lat' dir='ltr'><strong>quo</strong></span> <span class='ocrx_word' id='word_1_369' title='bbox 631 3093 746 3147; x_wconf 85' lang='lat' dir='ltr'><strong>tempore</strong></span> <span class='ocrx_word' id='word_1_370' title='bbox 762 3081 846 3128; x_wconf 86' lang='lat' dir='ltr'><strong>verbis</strong></span> <span class='ocrx_word' id='word_1_371' title='bbox 858 3092 936 3130; x_wconf 83' lang='lat' dir='ltr'><strong>ettam</strong></span> 
     </span>
     <span class='ocr_line' id='line_1_42' title="bbox 36 3147 936 3215; baseline 0.007 -20"><span class='ocrx_word' id='word_1_372' title='bbox 36 3147 137 3208; x_wconf 75' lang='lat' dir='ltr'><strong>profanis</strong></span> <span class='ocrx_word' id='word_1_373' title='bbox 152 3149 271 3206; x_wconf 80' lang='lat' dir='ltr'><strong>abstineri</strong></span> <span class='ocrx_word' id='word_1_374' title='bbox 280 3165 337 3199; x_wconf 87' lang='lat' dir='ltr'><strong>mos</strong></span> <span class='ocrx_word' id='word_1_375' title='bbox 350 3161 430 3208; x_wconf 85' lang='lat' dir='ltr'><strong>esset,</strong></span> <span class='ocrx_word' id='word_1_376' title='bbox 444 3151 529 3199; x_wconf 78' lang='lat' dir='ltr'><strong>vinela</strong></span> <span class='ocrx_word' id='word_1_377' title='bbox 544 3161 571 3198; x_wconf 90' lang='lat' dir='ltr'><strong>et</strong></span> <span class='ocrx_word' id='word_1_378' title='bbox 582 3151 689 3215; x_wconf 78' lang='lat' dir='ltr'><strong>laqueus</strong></span> <span class='ocrx_word' id='word_1_379' title='bbox 700 3149 869 3201; x_wconf 78' lang='lat' dir='ltr'><strong>inducantur?</strong></span> <span class='ocrx_word' id='word_1_380' title='bbox 882 3167 936 3201; x_wconf 80' lang='lat' dir='ltr'><strong>non</strong></span> 
     </span>
     <span class='ocr_line' id='line_1_43' title="bbox 37 3220 935 3306; baseline 0.003 -36"><span class='ocrx_word' id='word_1_381' title='bbox 37 3220 212 3289; x_wconf 84' lang='lat' dir='ltr'><strong>imprudentem</strong></span> <span class='ocrx_word' id='word_1_382' title='bbox 222 3226 351 3274; x_wconf 80' lang='lat' dir='ltr'><strong>Tiberiani</strong></span> <span class='ocrx_word' id='word_1_383' title='bbox 364 3237 461 3274; x_wconf 80' lang='lat' dir='ltr'><strong>tantam</strong></span> <span class='ocrx_word' id='word_1_384' title='bbox 471 3225 592 3275; x_wconf 81' lang='lat' dir='ltr'><strong>iuvidiam</strong></span> <span class='ocrx_word' id='word_1_385' title='bbox 603 3226 696 3276; x_wconf 83' lang='lat' dir='ltr'><strong>adiisse</strong></span> <span class='ocrx_word' id='word_1_386' title='bbox 709 3246 715 3276; x_wconf 79' lang='lat' dir='ltr'><strong>r</strong></span> <span class='ocrx_word' id='word_1_387' title='bbox 729 3225 861 3306; x_wconf 65' lang='lat' dir='ltr'><strong>quesitum</strong></span> <span class='ocrx_word' id='word_1_388' title='bbox 877 3239 935 3306; x_wconf 77' lang='lat' dir='ltr'><strong>rue·</strong></span> 
     </span>
     <span class='ocr_line' id='line_1_44' title="bbox 37 3291 936 3367; baseline 0.018 -27"><span class='ocrx_word' id='word_1_389' title='bbox 37 3292 202 3361; x_wconf 81' lang='lat' dir='ltr'><strong>ditatumque,</strong></span> <span class='ocrx_word' id='word_1_390' title='bbox 216 3291 247 3346; x_wconf 82' lang='lat' dir='ltr'><strong>ire</strong></span> <span class='ocrx_word' id='word_1_391' title='bbox 259 3297 322 3363; x_wconf 87' lang='lat' dir='ltr'><strong>quid</strong></span> <span class='ocrx_word' id='word_1_392' title='bbox 330 3298 455 3364; x_wconf 82' lang='lat' dir='ltr'><strong>impedire</strong></span> <span class='ocrx_word' id='word_1_393' title='bbox 462 3297 595 3367; x_wconf 82' lang='lat' dir='ltr'><strong>credatur,</strong></span> <span class='ocrx_word' id='word_1_394' title='bbox 607 3297 758 3361; x_wconf 78' lang='lat' dir='ltr'><strong>quominus,</strong></span> <span class='ocrx_word' id='word_1_395' title='bbox 772 3312 831 3342; x_wconf 82' lang='lat' dir='ltr'><strong>nors</strong></span> <span class='ocrx_word' id='word_1_396' title='bbox 841 3308 936 3354; x_wconf 51' lang='lat' dir='ltr'><strong>rung*</strong></span> 
     </span>
     <span class='ocr_line' id='line_1_45' title="bbox 36 3363 935 3441; baseline 0.026 -21"><span class='ocrx_word' id='word_1_397' title='bbox 36 3376 103 3424; x_wconf 78' lang='lat' dir='ltr'><strong>ratus</strong></span> <span class='ocrx_word' id='word_1_398' title='bbox 112 3409 122 3441; x_wconf 83' lang='lat'>‚</span> <span class='ocrx_word' id='word_1_399' title='bbox 132 3387 185 3440; x_wconf 82' lang='lat' dir='ltr'><strong>quo</strong></span> <span class='ocrx_word' id='word_1_400' title='bbox 197 3371 276 3429; x_wconf 79' lang='lat' dir='ltr'><strong>modo</strong></span> <span class='ocrx_word' id='word_1_401' title='bbox 289 3371 437 3428; x_wconf 71' lang='lat' dir='ltr'><strong>ieiunet</strong></span> <span class='ocrx_word' id='word_1_402' title='bbox 451 3371 559 3438; x_wconf 54' lang='grc' dir='ltr'><strong>Μὴ,</strong></span> <span class='ocrx_word' id='word_1_403' title='bbox 572 3369 608 3425; x_wconf 75' lang='lat' dir='ltr'><strong>⁸i⁰</strong></span> <span class='ocrx_word' id='word_1_404' title='bbox 623 3382 751 3426; x_wconf 58' lang='lat' dir='ltr'>Wffl&#39;em</span> <span class='ocrx_word' id='word_1_405' title='bbox 767 3363 935 3416; x_wconf 68' lang='lat' dir='ltr'><strong>¹⁰⁰¹¹¹d³¹²⁸¹⁸⁰</strong></span> 
     </span>
    </p>
   </div>
   <div class='ocr_carea' id='block_1_3' title="bbox 0 0 1055 3709">
    <p class='ocr_par' dir='ltr' id='par_1_6' title="bbox 0 0 1055 3709">
     <span class='ocr_line' id='line_1_46' title="bbox 0 0 1055 3709; baseline 0 0"><span class='ocrx_word' id='word_1_406' title='bbox 0 0 1055 3709; x_wconf 95' lang='lat' dir='ltr'><strong> </strong></span> 
     </span>
    </p>
   </div>
  </div>
 </body>
</html>
