2100 3709
77 122 80 132 .
116 69 167 119 διο
429 77 708 116 concremetur

118 162 192 225 tatia,
202 171 228 208 et
240 160 265 212 iu
277 169 408 224 posterum
417 160 508 207 tributi
519 162 671 209 levantento.
684 158 808 208 Proxima
818 170 903 209 tamen
914 161 1026 211 Germa-

116 235 157 283 nia
170 232 323 282 exercitibus
335 230 477 281 Galliarum
488 233 620 289 civitates,
637 250 686 279 non
699 232 790 280 eodem
807 232 907 283 bonore
918 233 1026 299 habita,

117 306 229 372 quiedam
238 307 315 352 etiam
326 302 419 352 finibus
429 303 568 366 ademptis,
581 308 635 368 pari
645 304 732 355 dolore
741 305 874 353 commoda
887 306 974 353 aliena
985 346 991 367 ‚
1003 325 1027 355 ac

117 398 175 436 suas
189 380 292 443 iniurias
305 379 483 427 metiebantur.
498 379 644 427 Germanici
656 382 782 428 exercitus
793 416 799 441 ‚
811 380 879 444 quod
890 382 1025 444 periculo-

118 456 245 506 sissimum
265 454 291 501 in
310 454 388 501 tantis
405 452 516 508 viribus,
534 452 637 501 solliciti
652 464 677 501 et
694 452 766 514 irati,
784 452 901 518 superbii
920 449 1027 503 recentis

117 530 243 587 victoriae,
256 539 282 575 et
293 539 379 582 metu,
392 537 514 590 tanquam
529 524 592 572 aliar
606 532 691 589 partes
703 526 835 576 fovissent.
849 526 934 574 Tarde
951 526 1026 574 tue-

116 619 178 656 rone
189 602 362 651 desciverant:
373 614 419 647 nec
431 598 518 645 statim
531 612 577 663 pro
593 598 671 647 Galba
688 599 827 663 Verginius
837 618 843 647 ε
855 616 887 648 an
901 602 1026 666 impet-are

43 691 51 705 ¹
115 676 253 731 voluisset,
266 672 387 731 dubium,
402 671 515 719 delatum
527 670 576 719 eil
592 672 674 719 milite
688 673 823 737 imperium
842 674 1023 721 conveniebat.

87 782 90 787 Α
117 749 253 803 Fonteium
261 747 411 811 Capitonem
418 744 545 803 occisum,
558 746 633 792 etiam
644 746 687 809 qui
696 747 766 809 queri
775 762 827 796 non
839 756 976 813 poterant,
989 758 1026 793 ta·

116 840 175 873 tuen
184 818 390 883 indignabantur.
405 814 464 864 Dux
478 814 578 875 denar,
592 816 703 865 abducto
719 818 841 884 Verginio
855 834 902 884 per
918 818 1024 867 simula·

117 899 213 947 tionetn
230 892 361 942 amicitia:
378 906 455 955 quem
473 904 525 937 nou
544 892 654 949 remitti,
676 902 751 956 atque
770 888 847 941 etiarn
864 906 941 941 reum
959 908 1025 956 esse,

116 980 235 1032 tanquam
245 981 320 1014 snum
330 965 426 1014 crimen
438 962 605 1028 accipiebant.
858 1028 861 1033 ι

147 1042 196 1090 ΙΧ.
212 1037 330 1104 Superior
339 1036 466 1084 exercitus
474 1034 585 1099 legatum
595 1034 771 1085 Hordeonium
781 1038 901 1086 Flaccum
917 1052 1026 1103 sperne-

116 1117 173 1178 bat,
195 1110 294 1161 renecti
309 1127 339 1159 ac
359 1108 489 1158 debilitate
506 1108 602 1175 pedum
618 1110 772 1167 invalidum,
791 1112 845 1160 aine
861 1111 1007 1159 constantii
1017 1148 1024 1171 ,

105 1190 170 1256 'eine
184 1183 349 1233 auctoritate:
362 1198 394 1231 nc
408 1183 496 1246 quieto
507 1182 611 1245 quidem
619 1182 701 1233 milite
712 1186 823 1249 regimen
835 1205 841 1248 ς
855 1177 922 1233 adet
934 1182 1022 1231 luren-

116 1275 171 1319 tes‚
188 1256 333 1307 infirmitate
349 1255 484 1305 retinentia
496 1255 566 1305 ultrei
581 1255 791 1305 accendebantur.
806 1257 941 1309 Inferioris
956 1258 1024 1304 Ger-

116 1330 324 1394 manitelegionea
333 1326 429 1378 diutitit
440 1330 493 1378 aine
502 1330 628 1380 consulari
636 1329 717 1379 fuere:
730 1331 820 1389 donec,
831 1330 911 1381 miasu
922 1330 1020 1387 Galba,

115 1406 150 1457 A.
165 1402 283 1457 Vitellius
300 1401 385 1451 aderat
393 1436 401 1461 ,
414 1404 525 1452 censoria
535 1404 652 1463 ·Vitcllii‚
669 1420 698 1451 ac
717 1414 756 1451 ter
770 1405 881 1453 contulit
893 1404 965 1451 illiue
977 1420 984 1449 s
998 1402 1021 1450 id
1036 1418 1037 1433 ³

116 1472 337 1527 eatiruidebatur.
350 1476 381 1523 ln
399 1476 543 1525 Britannico
562 1478 671 1526 exercitu
686 1476 748 1525 nihil
761 1478 864 1525 irarum.
881 1475 945 1525 Non
963 1476 1020 1525 sani

116 1555 169 1603 alite
183 1550 309 1616 legiones,
320 1564 367 1615 pet·
377 1564 466 1597 omnes
475 1548 590 1615 civilium
603 1551 729 1598 bellorum
741 1562 826 1597 motus
837 1584 844 1608 ,
856 1547 1020 1598 innocentius

114 1636 234 1692 egerunt:
245 1639 290 1672 scu
298 1624 357 1685 quia
367 1621 471 1687 procul,
481 1633 507 1669 at
518 1624 619 1670 Oceano
630 1622 727 1685 ditiate;
740 1640 784 1671 teu
799 1625 898 1673 crebris
908 1622 1020 1687 expedi-

114 1699 226 1751 tionibus
235 1696 315 1744 docte
321 1694 419 1742 bostem
425 1690 511 1755 potiits
520 1690 614 1742 orliaco.
624 1694 702 1757 Quies
709 1704 734 1739 et
742 1694 847 1759 Illyrico
857 1715 863 1745 ε
873 1712 1019 1761 quanquam

115 1772 201 1821 excite
212 1767 225 1817 it
237 1766 340 1817 Nerone
351 1764 462 1827 legiones
469 1796 476 1823 ,
488 1762 548 1811 dum
561 1764 587 1813 in
600 1764 673 1813 ltalid
684 1776 849 1831 cunctantur,
867 1770 1020 1834 Verginium

113 1841 281 1911 legationibus
291 1836 409 1884 adissent.
421 1834 471 1883 ted
483 1837 566 1901 longia
575 1837 661 1903 spatiis
671 1834 776 1887 discreti
789 1842 929 1903 exercitus,
946 1843 1019 1906 quod

115 1913 306 1969 saluberrimum
318 1917 357 1955 eat
372 1905 405 1954 ad
417 1906 745 1971 continendarumilitarem
758 1911 849 1973 iidem,
864 1930 911 1963 nec
930 1915 1004 1965 vitiis
1011 1952 1018 1975 ,

78 2001 86 2016 ⁸
115 2006 162 2041 nec
173 1984 269 2034 viribus
282 1978 460 2038 miscebantur.
920 1980 928 1990 “

144 2062 179 2108 x.
197 2056 289 2103 Oriens
300 2051 383 2101 adbuc
394 2054 523 2103 immotus.
534 2055 632 2123 Syriam
642 2094 648 2116 ,
659 2068 686 2105 et
696 2069 804 2122 quatuor
817 2060 932 2125 legiones
945 2063 1017 2111 ohti-

112 2132 189 2182 nebat
196 2126 307 2175 Licinius
317 2122 460 2186 Mucianus,
471 2128 512 2175 vir
520 2128 637 2178 secundia
646 2129 808 2195 advertitque
817 2132 883 2195 juxti
893 2134 1016 2184 famosus.

112 2204 225 2267 Insigncs
233 2197 459 2261 amicitiaajuvenis
467 2201 598 2252 §urbitiord
608 2204 733 2252 coluerat:
743 2221 803 2253 mox
813 2206 903 2253 attritis
911 2207 1017 2273 opibus,

110 2274 210 2323 lubrico
228 2284 311 2330 statu,
328 2272 443 2337 suspecti
465 2274 541 2321 etiatn
557 2275 657 2325 'Claudii
678 2275 821 2339 iracundiis,
842 2278 868 2325 in
887 2290 1018 2327 secretum

24 2346 31 2353 ’
111 2347 178 2401 Asia
186 2348 319 2412 repositus,
331 2357 384 2395 tarn
392 2346 472 2413 propi
480 2349 512 2397 ab
520 2352 606 2398 exsule
617 2350 672 2406 luit,
682 2350 758 2415 quim
766 2350 852 2417 posted
862 2350 875 2399 t
888 2352 1016 2417 principe.

110 2418 234 2481 luxurii,
245 2418 367 2469 industrii
376 2457 384 2481 ,
394 2423 527 2478 comitate,
537 2424 678 2489 arrogantid
684 2458 691 2486 ,
702 2426 775 2473 malis
784 2426 905 2489 bonisque
915 2426 1018 2473 artibus

111 2497 206 2544 mixtus
218 2512 224 2541 z
240 2495 324 2542 nimiae
336 2494 491 2559 voluptates,
504 2511 582 2557 quum
594 2508 710 2547 vacaret:
722 2491 837 2560 qitotiena
849 2496 1017 2563 expedierat,

110 2582 207 2635 magnae
224 2568 440 2633 virtuteazpalam
457 2566 586 2623 laudares,
604 2581 696 2618 secreta
718 2571 783 2621 male
800 2570 945 2620 audiebant.
964 2571 1015 2620 Scd

111 2643 180 2707 apud
192 2641 333 2703 subjectos,
346 2639 414 2703 apud
427 2641 571 2703 proximos,
582 2640 649 2705 apud
662 2642 783 2706 collegas,
796 2644 869 2692 variis
885 2644 1014 2693 illecebris

110 2728 216 2780 potens3
228 2726 254 2763 et
265 2715 306 2762 cui
321 2712 461 2776 expeditius
474 2711 553 2762 luerit
569 2714 665 2762 tradere
682 2716 832 2781 impet-inm,
845 2716 922 2781 quiam
939 2721 1011 2769 obti-

111 2806 179 2840 nere.
193 2788 289 2850 Bellum
303 2786 316 2835 J
320 2785 435 2835 udaicum
448 2784 470 2835 F
471 2786 552 2835 levius
566 2787 735 2852 Vespasianus
749 2790 849 2855 (ducam
862 2806 921 2839 curn
939 2792 1011 2843 Nero

111 2860 248 2924 delegerat)
263 2859 345 2908 tribus
361 2859 504 2923 legionibus
516 2858 719 2909 administrabat.
729 2864 783 2911 Nec
792 2864 949 2927 Vespasiano
967 2866 1012 2913 ad-

109 2931 198 2980 versita
209 2932 317 2979 Galbam
328 2943 430 2990 toturn,
443 2943 486 2980 aut
500 2932 607 2979 animus.
619 2934 718 2999 Quippe
728 2936 812 2985 Titum
827 2936 909 2985 lilium
921 2936 953 2985 ad
968 2954 1012 2987 ue-

108 3006 266 3052 nerationem
276 3004 422 3067 cultumque
433 3004 486 3067 ejus
501 3006 618 3065 miserat,
632 3017 660 3052 ut
672 3022 717 3055 suo
728 3006 785 3055 loco
802 3009 1008 3066 memorabimus.

109 3075 214 3124 occulta
231 3076 285 3140 lege
302 3076 360 3133 sati,
373 3088 398 3125 et
415 3076 536 3133 ostentis,
548 3092 576 3124 ac
588 3081 726 3142 responait,
739 3081 891 3131 destinatum
907 3081 1007 3148 Vespa-

108 3148 179 3197 tiano
188 3149 322 3214 liberisque
333 3150 386 3212 ejus
396 3151 544 3216 imperium,
557 3162 615 3216 post
626 3152 752 3201 fortunam
765 3154 931 3203 credidimus.

140 3219 188 3270 XJ.
206 3221 351 3287 AEgyptum‚
360 3225 492 3288 copiasque
502 3224 594 3287 quibus
605 3238 774 3291 coerceretur,
791 3227 838 3290 iarn
853 3226 911 3274 inde
924 3228 938 3275 la
951 3228 1004 3277 divo

110 3286 239 3359 Augusto,
255 3297 351 3361 equites
364 3298 472 3346 Rotnani
484 3296 600 3345 obtinent
608 3331 616 3358 ,
631 3290 693 3347 loco
703 3315 799 3369 regum.
812 3298 851 3349 lta
869 3302 954 3353 tirum
966 3318 1006 3353 ex·
