2100 3709
334 78 571 121 nssroarsnuss
593 85 650 119 ιιι
675 86 722 123 ιιι
931 75 981 148 417

6 208 7 211 ,
28 156 146 214 iraxis
155 179 161 212 ι
171 157 253 211 lracu
264 157 344 208 Primi
353 155 472 215 Antonii,
482 157 595 225 Varique
603 155 671 214 Arrii
683 157 811 224 potentis,
823 159 889 210 male
900 161 981 213 dissi-

34 235 163 287 mulati
177 237 204 284 in
216 251 259 283 eos
270 233 384 282 Muciani
395 230 538 293 iracundia,
557 233 672 296 quamvis
688 232 762 282 vultu
778 245 915 300 tegeretur.
926 237 977 288 snt

40 312 167 377 ciritae,
179 306 301 358 rimandis
313 304 414 356 offensis
426 319 515 372 sagax,
526 309 637 356 v'erterst
647 321 687 366 se,
700 309 919 374 transtulerstque.
931 308 978 360 Ille
1004 349 1020 367 ,.

42 401 134 434 unus
156 384 262 442 ambiri,
281 384 332 432 coli
344 399 350 429 z
362 398 409 431 nec
426 381 512 431 deerat
531 383 600 448 ipse,
626 383 733 448 stipatus
751 386 868 440 armatis,
886 385 991 452 domos

42 459 206 524 hortosque
216 469 376 525 permutans,
387 464 523 525 apparatu,
532 459 631 506 incessu
638 493 646 517 ‚
655 457 781 521 excubiis,
793 458 845 506 rim
854 461 978 526 principis

43 534 220 604 complecti,
238 550 332 583 nomen
351 535 491 583 remittere.
510 533 654 582 Plurimum
662 535 778 583 xterroris
795 533 882 601 inqulit
899 535 979 594 cedes

44 607 200 674 Calpurnii
210 608 348 658 Galeriani.
360 607 385 657 Is
397 606 450 658 tuit
461 609 528 658 lilius
538 609 569 658 0.
580 605 692 666 Pisonis,
703 607 766 657 nihil
776 621 851 657 ansus
862 626 868 656 ι
879 607 923 658 sed
933 610 979 658 no·

45 699 122 732 men
136 685 245 750 insigne,
257 695 283 734 et
294 683 384 733 decora
393 674 674 750 ipsijurenta,sssntore
687 683 755 749 vulgi
767 683 976 734 celebrabantur:

45 769 189 845 erantque
204 759 346 818 incivitate
363 757 445 806 adhuc
462 758 579 820 turbidi,
596 770 620 810 et
635 759 708 808 noris
728 758 889 806 sermonibus
906 757 977 819 laett,

46 836 107 896 qui
109 831 307 902 principatds'
301 851 402 884 inanem
419 835 443 883 si
458 833 551 884 lamam
566 833 761 884 circumdarent
768 833 852 882 Jussu
864 794 977 882 Muciani

44 907 179 956 custodie
189 909 294 958 militari
305 911 414 970 cinctus,
425 927 458 960 ne
471 912 498 959 in
509 912 564 977 ipsa
553 910 639 959 urbe
650 909 810 975 conspectior
819 923 889 956 mors
900 905 975 968 foret,
1001 903 1004 910 ’

48 980 91 1028 ad
109 980 334 1047 quadragesimum
346 982 377 1030 ab
390 983 453 1030 urbe
463 985 589 1051 lapidem
603 983 644 1033 vit
662 981 759 1048 Appit,
774 981 831 1032 luso
842 993 889 1046 per
899 997 976 1030 venus

50 1055 201 1119 sanguine,
218 1052 395 1116 exstinguitur.
411 1051 493 1101 lulius
503 1055 618 1112 Priscus,
630 1055 819 1120 preterieram,
831 1053 877 1102 sub
887 1052 976 1102 Vitel-

48 1128 110 1186 lio,
129 1127 276 1185 cohortium
287 1123 433 1192 prefectus,
450 1141 477 1173 se
486 1127 540 1190 ipse
548 1127 689 1185 interiecit,
699 1128 798 1193 pudore
808 1128 888 1192 magis
899 1125 975 1192 quim

47 1201 223 1250 necessitate.
240 1197 373 1264 Alphenus
388 1197 473 1245 Varus
488 1197 592 1260 ignaria
606 1199 763 1265 infamiaque
776 1217 825 1250 snae
838 1199 975 1265 superfuit.

49 1269 973 1339 Asiaticusenimlibertusmslampotentiamservilisupplicioerpiavit.

87 1346 156 1396 XII.
174 1343 269 1394 lisdem
282 1343 371 1391 diebus
389 1341 589 1391 crebrescentem
605 1341 684 1391 cladis
700 1343 973 1408 censuissemus,

49 1435 223 1487 nequaqnam
244 1427 333 1466 moesta
351 1416 441 1464 civitas
459 1415 619 1485 excipiebat:
633 1431 733 1465 ucaesos
749 1416 873 1465 exercitus
881 1429 975 1502 ,capta

51 1499 194 1563 legionum
205 1494 323 1550 hiberna,
336 1491 470 1540 descivisse
483 1491 578 1540 Gallias
586 1507 612 1552 t),
623 1507 673 1545 non
683 1503 711 1540 nt
722 1492 788 1541 mala
796 1480 981 1574 loquebantu'r.

50 1571 89 1619 ld
104 1573 202 1623 bellum
213 1568 304 1633 quibus
314 1568 396 1615 causis
406 1576 507 1625 ortum,
520 1575 616 1630 quanto
629 1577 790 1616 externarum
799 1566 987 1644 ιοιὶιιιιιιιιιῃιιἱ

54 1647 177 1712 gentium
190 1654 263 1692 motu
279 1640 438 1705 flagraverit,
452 1639 527 1690 altius
535 1640 680 1708 expediam
697 1641 799 1698 Batavi,
812 1637 894 1690 donec
906 1651 975 1690 trans

55 1723 181 1772 Rhenum
189 1710 311 1784 agebant,
322 1732 383 1783 pars
394 1718 542 1766 Cotternm·
554 1717 677 1768 seditione
687 1718 824 1769 domestici
835 1717 916 1783 pulsi,
929 1733 978 1766 es·

55 1809 143 1846 trema
157 1793 259 1843 Gallica
272 1810 336 1851 orae,
353 1806 434 1841 sacua
449 1777 608 1850 cultoribus
622 1793 749 1858 simulque
768 1793 891 1850 insulam,
911 1793 976 1840 inter

58 1867 215 1917 rudasitam
224 1865 501 1931 ,occrspsrere‚quam
513 1865 973 1938 mareOceanumilronte‚Rhenus
1027 1883 1030 1888 ·

55 1942 141 1992 amnis
155 1953 255 2004 tergum
264 1956 292 1987 au
300 1941 380 2009 intera
393 1934 574 2006 circumluitq
570 1956 617 1990 nee
629 1942 722 2007 opibus
731 1939 871 1997 Romanis,
885 1939 972 1988 socie-

57 2027 113 2065 tate
133 2010 303 2078 validiorums,
315 2013 413 2072 attriti,
431 2016 502 2062 viros
515 2015 615 2064 tantum
630 2030 748 2080 armaque
767 2016 873 2081 imperio
884 2015 974 2062 minis·
1007 2020 1009 2026 ’

56 2100 149 2141 trant:
162 2086 374 2138 diuGesmsnicis
386 2085 461 2133 bellis
472 2086 593 2133 exerciti.
603 2100 663 2135 mox
674 2100 747 2135 aucta
759 2103 803 2171 per
812 2089 970 2136 Britanniam

60 2165 159 2232 gloria,
174 2160 329 2213 transmissis
340 2160 401 2208 illuc
413 2159 573 2216 cohortibus,
586 2174 647 2222 quas
660 2171 745 2208 vetere
759 2161 876 2209 instituto
892 2161 988 2209 nobi-1

56 2240 152 2289 lissimi
162 2235 325 2304 popularium
336 2234 467 2300 regebant.
482 2228 544 2280 Erat
550 2244 581 2281 et
592 2231 661 2280 domi
674 2232 786 2282 delectus
799 2249 890 2299 eques,
902 2251 969 2299 prae

59 2318 137 2380 cipuo
156 2310 234 2360 nandi
242 2309 349 2372 stadio,
367 2323 437 2356 arma
453 2322 581 2373 equosque
597 2307 723 2368 retinens,
741 2309 844 2372 integris
862 2311 985 2372 turmis,

6 2428 7 2432 ,
63 2390 183 2444 Rhenum
195 2386 392 2452 perrumpere!

96 2461 169 2512 XIll
189 2461 271 2509 Julius
282 2459 404 2517 Paullus
415 2467 442 2504 et
452 2455 573 2506 Claudius
590 2448 692 2513 Civilis,
703 2455 772 2521 regis
785 2457 876 2524 stirpe
889 2457 972 2508 multi)

64 2549 160 2588 ceteros
178 2535 320 2582 anteibant
338 2531 457 2581 Paullum
472 2530 600 2580 Fonteius
615 2531 720 2597 Capito
741 2528 804 2580 falso
824 2531 972 2580 rebellionis
1006 2579 1008 2586 s

65 2613 183 2669 crimine,
201 2607 339 2658 interiecit.
357 2608 458 2672 injecta
475 2606 553 2655 civiti
565 2617 672 2666 catena,
687 2607 828 2671 missusque
843 2607 875 2655 ad
886 2607 972 2656 Nero-

66 2703 139 2742 nem,
149 2697 175 2733 et
188 2684 201 2733 i
214 2683 295 2734 Galbl
307 2683 450 2739 absolutus,
462 2682 509 2730 sub
524 2682 627 2731 Vitellio
644 2694 728 2733 rursus
742 2680 877 2731 discrimen
893 2681 972 2744 adiit,

66 2763 192 2826 flagitante
203 2749 358 2825 supplicium
372 2757 425 2821 ejus
438 2758 561 2806 exercitu.
572 2756 634 2805 Inde
646 2774 723 2806 causa
735 2759 827 2815 irarum
838 2775 844 2823 3
862 2773 968 2824 spesque
1043 2769 1044 2774 ’

66 2853 98 2885 ιι
106 2833 176 2882 malis
189 2833 292 2882 nostris.
302 2831 352 2880 Sed
360 2831 448 2881 Civilis
458 2829 524 2879 uitri
535 2829 733 2894 quimbsrbaris
742 2827 855 2890 solitum,
867 2833 968 2898 ingenio

68 2910 157 2965 solers,
167 2909 349 2960 etSerlorium
358 2926 397 2967 se,
408 2918 451 2956 aut
461 2905 653 2957 Hannibalem
663 2905 758 2965 serens,
776 2901 854 2956 simili
864 2910 914 2957 oris
925 2906 975 2954 de·-

66 2983 271 3047 honestamento,
287 2999 320 3031 ue
336 2994 363 3031 ut
376 2982 443 3032 hosti
457 2983 558 3031 obviam
575 2977 667 3045 iretur,
684 2981 732 3050 sii
748 2983 844 3048 populo
854 2981 972 3031 Romano

70 3058 149 3126 palam
168 3057 325 3120 descivisset,
346 3057 493 3123 Vespasiani
507 3057 660 3118 amicitiam,
678 3056 840 3121 studiumque
857 3057 969 3121 partium

67 3131 208 3199 pretendi13
227 3131 309 3180 missis
327 3131 385 3179 sane
406 3131 439 3179 ad
456 3132 611 3188 eum,Primi
634 3130 739 3181 Antonii
754 3129 859 3185 litteris,
879 3129 969 3192 quibus

68 3217 201 3254 revertere
215 3206 294 3253 accita
305 3205 410 3253 Vitellio
425 3207 532 3264 auxilia,
546 3219 570 3254 et
582 3203 707 3254 tumultis
720 3202 864 3253 Germanici
875 3201 968 3273 specie,

67 3291 185 3332 retentare
196 3282 331 3347 legionesa
345 3276 487 3343 jubebatur.
502 3281 598 3331 Eadem
608 3281 769 3330 Hordeonius
778 3279 883 3326 Flaccus
900 3283 967 3342 prse'-

66 3372 122 3408 ssns
136 3367 283 3421 monuerat,
300 3357 443 3431 inclinato
437 3375 462 3410 sn
475 3358 668 3426 Vespasianum
674 3357 775 3415 animo,
769 3364 835 3474 ,ξι
824 3353 976 3420 reipublice
983 3390 997 3412 ,,

822 3425 836 3475 5
