2100 3709
70 101 77 110 ,
105 30 155 98 454
424 47 449 81 c.
467 43 557 80 coss.
573 37 687 78 sacrat
761 49 764 56 ·

106 156 159 193 sur.
172 126 641 193 Morodensium‚Leptisanorurnque
653 115 792 170 discordias
804 109 994 180 componit,
1003 125 1033 175 qn

108 226 184 280 raptu
193 198 295 273 frugum
305 217 331 285 pt
343 201 465 250 decorum
478 200 541 247 inter
556 207 680 262 agrestes,
695 191 804 252 modicis
815 187 990 255 principiis
1000 224 1006 244 ,
1015 175 1033 250 jd

109 305 154 357 per
166 295 315 346 armantque
326 279 392 326 acies
401 274 591 324 exercebantur.
601 269 667 318 Nam
679 267 789 334 populus
801 266 878 312 Orien
884 264 951 320 sis,
968 253 1033 330 muli

110 361 199 414 tudine
209 354 313 404 inferior
322 392 329 412 ,
338 351 502 400 Garamantas
511 338 650 398 exciss‘rat,
660 353 761 406 gentem
771 337 954 386 indomitam
971 371 978 393 ,
989 346 1013 381 et
1022 333 1033 386 ii

112 447 152 484 ter
169 421 415 480 accolaslatrociniis
430 417 573 467 iecrmdam.
589 413 665 462 Unde
677 415 749 460 arcta
759 410 916 476 Leptitanis
936 424 1003 464 res,
1019 407 1033 456 lt

112 508 188 572 serpae
205 500 307 551 vastatis
319 495 399 561 agris,
416 484 480 540 iutra
490 490 583 538 moenia
595 486 768 554 trepidabant:
782 483 865 532 donec
890 485 1033 546 interveni

115 580 258 632 cohortium
272 575 415 635 alarumque
424 566 473 616 iusi
490 567 674 619 Garamantes,
686 573 711 610 et
721 571 823 626 recepta
832 559 938 608 omnis
954 555 1033 622 praeda

53 653 57 657 ⁵
116 657 165 706 nisi
176 667 251 720 quam
260 648 317 713 vagi
327 644 512 712 per-inaccessa
524 639 662 705 mapalium
674 633 840 688 ulterioribus
852 629 1033 680 vendiderant

148 747 194 798 ΕΙ.
209 749 245 792 at
257 738 429 804 Vespasiano,
444 746 503 802 post
520 735 717 783 Cremonensem
733 733 860 795 pignam,
879 738 915 774 et
941 735 1033 790 prospe

105 840 160 875 ‘sos
169 811 405 880 undique-nuntios,
418 826 432 858 o
443 807 564 856 cecidisse
573 805 709 856 Vitellium
718 819 751 862 u,
762 802 837 850 multi
852 799 1002 863 cujusque
1011 807 1033 846 ot

120 896 200 950 dinis,
214 888 268 956 pari
280 884 384 934 audacis
393 879 547 944 fortundque
555 878 689 926 hibernum
703 891 771 925 marc
782 874 925 939 adgressi,
941 871 1033 920 nuntia

120 970 189 1019 rere.
209 961 323 1012 Aderant
338 957 415 1022 legati
436 954 503 1018 regis
519 951 657 1015 Vologesi,
676 948 862 1015 «quadraginta
881 946 1033 1010 Parthorut

123 1029 237 1106 equitnm
247 1033 326 1082 millia
335 1048 350 1079 u
362 1027 507 1082 offerentes.
519 1023 685 1090 Magnificum
695 1023 829 1085 laetumque
839 1057 845 1075 ,
856 1019 951 1068 tantis
967 1017 1033 1066 socia

121 1131 180 1168 rum
200 1109 300 1160 auxiliis
321 1106 432 1168 ambiri,
452 1118 535 1166 neque
557 1097 679 1164 indigere.
701 1095 794 1146 Gratiae
813 1095 960 1160 Vologeso
979 1093 1033 1142 acta

122 1186 338 1246 mandatumque,
349 1190 402 1229 aut
416 1178 513 1242 legatos
525 1175 556 1224 ad
574 1187 689 1224 senatum
701 1174 827 1231 mitteret,
841 1183 866 1219 ct
881 1183 989 1236 pacem
999 1183 1033 1214 ess

48 1311 52 1322 ,
124 1265 235 1314 sciretu.
256 1255 427 1321 Vespasianus
439 1253 466 1300 in
482 1251 599 1308 ltaliam,
611 1264 700 1312 resque
713 1246 782 1294 rubis
796 1247 931 1304 intentus,
959 1239 1033 1300 adret'

126 1354 178 1389 sam
191 1336 223 1383 de
238 1332 386 1380 Domitiano
395 1326 488 1376 lamam
499 1327 608 1392 accipit:
620 1336 762 1387 «tanquam
772 1321 896 1369 terminos
910 1317 1033 1382 aetatis,t

126 1418 243 1462 cencessa
251 1408 304 1456 filio
312 1403 507 1469 egrederetur».
516 1399 598 1464 Igitur
608 1398 791 1448 validissimam
804 1393 935 1443 exercitiis
949 1389 1033 1457 partes

43 1539 48 1544 ,
126 1488 187 1536 Tito
202 1479 292 1539 tradit,
303 1477 335 1526 ad
344 1478 442 1541 reliqua
453 1473 552 1524 Iudaici
563 1472 623 1521 belli
632 1469 811 1548 perpetranda.
1032 1479 1033 1506 r

156 1574 218 1624 Lll.
230 1573 331 1626 Titum,
345 1582 481 1632 antequam
494 1565 686 1632 digrederetur,
697 1565 780 1613 multo
790 1561 862 1628 apud
874 1572 982 1626 patrem
995 1555 1033 1630 seri

130 1664 207 1702 mone
219 1661 303 1694 orasse
316 1643 460 1701 dicebatur,
471 1656 525 1688 ane
537 1639 727 1688 criminantium
738 1639 836 1686 nuntiis
847 1633 946 1699 temeri}
959 1645 1033 1680 accen

130 1724 248 1784 deretnr3
260 1720 480 1780 integrumquese
491 1729 519 1760 ac
538 1713 688 1777 placabilem
705 1700 755 1757 filio
772 1713 913 1776 prestaret.
934 1706 1000 1757 Non
1014 1697 1033 1749 lt

132 1799 234 1864 ginnas,
245 1808 297 1839 non
309 1790 409 1848 classes,
417 1783 523 1852 perinde
535 1788 605 1835 firma
617 1783 717 1850 imperii
726 1786 900 1842 munimenta,
914 1780 995 1845 qudm
1008 1771 1033 1834 nu]

52 1909 56 1915 .
132 1873 230 1924 merum
247 1865 393 1912 liberorum.
408 1862 473 1910 Nam
488 1861 582 1908 amicos
602 1871 730 1922 tempore,
751 1855 867 1920 fortuni,
885 1851 1033 1920 cupidinibrt

132 1938 284 2005 aliquando,
299 1947 342 1982 aut
354 1935 482 1981 erroribus
491 1929 644 1989 ,imminui,
664 1925 808 1990 transferri,
829 1929 949 1978 desinere
962 1946 968 1975 :
982 1917 1033 1973 suu³

133 2016 224 2077 cuique
236 2010 383 2073 sauguinem
401 2004 583 2062 indiscretum,
599 2003 644 2051 sed
658 2005 767 2052 maximi
783 2003 963 2074 principibus3
985 2017 1014 2063 qu

133 2103 192 2140 rum
201 2085 330 2151 prosperis
339 2081 416 2130 etalii
425 2080 549 2142 fruantur,
557 2079 662 2128 adversa
670 2079 700 2126 ad
709 2079 881 2143 junctissimos
887 2077 1027 2144 pertineant

107 2164 111 2171 '
137 2180 170 2214 ne
189 2158 309 2209 iratribus
328 2155 431 2221 quidem
449 2169 595 2203 mansuram
609 2152 788 2212 concordiam,
807 2153 832 2200 ni
853 2149 1024 2216 parens'esen

82 2263 86 2270 ·
135 2236 209 2304 plum
223 2229 404 2298 praebuissetis,
418 2226 602 2290 Vespasianus,
617 2224 686 2274 baud
699 2225 764 2288 aequi
777 2224 929 2272 Domitiano
947 2222 1025 2284 mitiga

137 2320 193 2363 tus,
212 2302 288 2368 quim
306 2300 360 2350 Titi
377 2300 473 2365 pietate
497 2297 625 2364 gaudens,
643 2299 735 2347 abono
757 2313 811 2345 esse
830 2298 944 2344 animos>
967 2294 1033 2358 jures,

141 2397 158 2431 a
166 2378 287 2441 belloque
296 2386 321 2422 et
331 2373 415 2431 arrasia¹
422 2372 604 2437 rempublicam
617 2371 746 2420 attollere:
759 2370 808 2418 sibi
822 2385 911 2435 pacem
925 2353 1033 2416 domini

141 2470 190 2521 que
207 2465 271 2500 cusa
286 2448 373 2498 forsa.
386 2444 454 2495 Tum
472 2447 615 2494 celerrimas
637 2445 752 2503 narium,
778 2444 908 2492 frumento
929 2425 1033 2496 onustari

18 2586 30 2601 ἰ
143 2543 208 2578 savo
218 2523 302 2573 adbuc
312 2523 377 2572 mari
387 2521 534 2570 committit.
547 2519 648 2586 Quippe
660 2528 730 2568 tanto
746 2517 890 2566 discrimine
903 2518 963 2564 urbs
974 2523 1033 2562 nats«

91 2650 95 2655 ,
143 2602 202 2657 bat,
213 2597 337 2647 ntdecem
347 2591 533 2660 haudampliiss
543 2592 641 2642 dierum
653 2592 809 2640 frumentum
820 2593 846 2638 in
854 2589 954 2640 horreis
963 2587 1030 2645 luerit,

144 2692 223 2746 quum
233 2672 248 2722 i
260 2671 418 2738 Vespasiano
428 2670 585 2718 commeatus
597 2667 743 2718 subvenire.

178 2768 247 2817 Llll.
271 2769 361 2816 Curam
382 2762 529 2816 restituendi
551 2762 668 2828 Capitolii
686 2761 710 2808 in
727 2761 760 2808 L.
779 2741 924 2808 Vestinum¹
939 2753 1029 2812 confert,

146 2842 271 2905 equestris
284 2838 381 2887 ordinis
392 2839 493 2896 virum,
507 2835 552 2885 sed
563 2830 836 2896 anctoritateiamaique
848 2832 1033 2898 interpreceresr

148 2916 189 2967 Ab
202 2931 233 2962 eo
244 2913 367 2960 contracti
376 2911 522 2977 haruspices
537 2909 655 2958 monudre
662 2948 670 2970 ,
690 2918 741 2956 aut
753 2905 861 2969 reliquiae
875 2905 965 2970 prioris
977 2902 1029 2950 deira

149 2989 190 3038 bri
201 2987 227 3034 in
240 2981 345 3050 paludes
357 2983 522 3030 areberentur
530 3000 536 3030 :
545 2983 668 3048 templum
679 2979 768 3032 iisdem
777 2979 895 3042 vestigiis·
905 2981 1028 3026 sisteretur:

150 3061 220 3115 nolle
234 3057 295 3106 deos
303 3055 395 3102 mutari
405 3067 519 3104 reterens
530 3055 636 3103 sormam
643 3071 669 3103 u.
679 3053 819 3102 Undecimo
828 3051 954 3102 Kalendas
963 3053 974 3099 J
977 3050 1033 3101 olias,

153 3132 240 3186 serensi
254 3131 328 3184 luce,
343 3129 454 3193 spatium
472 3146 547 3177 omne
565 3129 634 3194 quod
654 3129 756 3194 templo,
766 3125 897 3174 dicabatur
908 3161 915 3182 ,
927 3109 1033 3183 erinctuni

154 3207 227 3266 atesis
238 3201 396 3263 coronisque.
409 3203 518 3268 ingressi
530 3203 641 3266 milites,
653 3203 709 3268 quis
723 3201 802 3252 fausta
814 3199 917 3247 numina
926 3236 931 3257 ,
941 3196 1029 3248 feticibus

155 3277 247 3333 tamis:
262 3273 320 3322 (¹01ss
331 3273 441 3340 Virgines
451 3275 583 3336 Vestales,
603 3290 662 3324 cum
684 3275 768 3346 pueris
785 3271 924 3340 puellisque
943 3266 1028 3340 patrinis
