2100 3709
94 107 143 159 27⁰
414 100 438 136 G
460 101 554 136 cmiii.
577 101 693 138 ΤΑΗΤῙ

95 193 195 236 menter
215 181 283 233 edito
296 182 396 231 montis
403 181 534 230 Abnobae'
527 197 586 245 rugo
597 181 706 237 effusus.
720 182 808 248 plures
812 187 934 268 populos
949 185 1019 244 adit,

97 256 197 306 donec
192 271 216 303 tn
230 254 366 303 Ponticum
378 267 446 302 mere
459 269 503 302 sex
511 255 639 303 meatibus
646 268 775 335 erumpit
789 247 929 323 septimum
941 261 1018 309 enim

95 347 125 380 os
134 327 269 396 paludibus
279 325 403 376 hauritur.

128 406 163 453 11.
174 404 245 468 ipsos
258 401 398 452 Germanos
408 400 539 466 indigenas
547 400 700 452 crediderim
711 403 884 469 ‚minimeque
899 407 1020 459 aliarum
1035 436 1036 475 ι

98 480 213 546 gentium
222 478 371 526 adventibus
383 490 408 526 et
419 477 535 543 hospitiis
545 480 656 526 mirtos:
670 481 727 544 quia
738 497 784 528 nee
796 481 863 542 terri
876 482 960 541 olim,
976 483 1021 532 aed

100 555 222 602 classibus
235 549 425 601 advehebantur
437 552 481 616 qui
493 563 592 600 mutare
601 551 673 601 sedes
684 552 827 617 querebant
841 571 847 601 t
863 565 890 602 et
902 555 1022 604 immen·
1036 536 1038 569 t

100 642 143 676 sus
151 625 229 685 uitri,
238 637 316 688 utque
325 626 361 671 sic
369 622 476 672 dixerim
486 661 492 682 ‚
503 624 625 673 adversus
636 626 753 676 Oceanus
762 629 825 676 raris
833 628 865 675 ab
874 629 942 677 orbe
950 647 1021 678 nos-

98 713 140 752 tro
151 701 259 750 navibus
268 699 362 749 aditur
373 698 436 760 Quts
443 714 531 766 porro
541 711 631 766 prater
637 701 779 766 perronium
788 701 885 750 horrrdr
892 715 922 752 et
933 703 1022 768 ignoti

62 797 67 812 ·
101 775 178 826 maris
189 811 196 839 ,
208 773 284 837 Asia,
286 785 342 823 aut
352 773 452 832 Africi,
464 783 508 822 aut
518 773 589 822 tutis
600 775 707 831 relicti,
719 775 883 824 Germaniam
892 789 1023 848 peteret,

101 838 238 898 rnlormem
245 847 320 894 terrra
328 861 459 912 ‚asperam
473 846 554 909 coelo,
568 846 665 894 tristem
677 848 747 896 culto
767 842 958 913 adspectuque,
969 848 1024 896 nisi

102 921 210 986 sipatria
220 917 269 968 sit?
279 917 413 967 Celebrant
422 882 576 968 carminibus
584 920 693 983 antiquis
703 918 786 985 (quod
793 936 872 967 unum
881 921 954 984 apud
961 922 1023 968 illos

101 991 1023 1058 memoriaetannaliumgennsert).«Tui'aconemdenm‚terrieditunr,

103 1079 130 1116 et
144 1067 224 1141 liliqm
242 1067 364 1116 Mannum
373 1103 380 1125 ,
394 1067 515 1132 originem
533 1066 615 1130 gentis
629 1064 833 1130 conditoresque.
852 1065 953 1114 Manno
973 1068 1024 1114 tria

103 1141 171 1190 filios
179 1159 194 1190 n
209 1141 357 1208 adsignent,
370 1141 404 1190 nl
419 1157 528 1205 quorum
542 1141 689 1189 nominibus
700 1141 810 1206 proximi
819 1141 924 1188 Oceano
934 1143 1023 1206 Ingae-

102 1230 195 1275 vones,
206 1214 286 1264 medii
294 1215 464 1264 Herminones
477 1249 483 1270 ,
496 1215 573 1263 ceteri
584 1214 720 1265 Istaevones
731 1227 854 1263 vocentur
865 1215 1022 1275 n.Quidam

105 1302 204 1352 autem,
221 1290 327 1341 licentii
339 1293 486 1350 vetustatis,
497 1307 519 1340 o
529 1291 617 1354 plures
628 1288 677 1338 deo
692 1301 774 1348 ortos,
786 1289 923 1354 pluresque
933 1293 1023 1354 gentis

106 1365 306 1430 appellationes,
319 1365 434 1426 Marsos,
445 1363 623 1420 Gambrivios,
635 1363 746 1418 Suevos,
759 1360 921 1410 Vandaliosn
940 1362 1025 1410 adfir-

107 1449 192 1486 mant:
206 1456 221 1487 n
230 1454 309 1503 eaque
320 1453 379 1486 vera
389 1449 414 1486 et
423 1437 525 1500 antiqua
535 1439 647 1484 nomina.
659 1432 778 1483 Ceterum
787 1433 932 1481 Germaniae
939 1450 1024 1483 roca·

105 1507 197 1560 bulum
215 1528 303 1561 recens
325 1523 350 1560 et
366 1527 448 1578 nuper
464 1509 599 1559 additum:
616 1511 735 1574 quoniam
746 1510 788 1573 qui
805 1508 883 1574 primi
897 1506 1024 1556 Rhenum

107 1586 256 1650 transgressi
267 1583 353 1633 Gallos
360 1583 520 1648 expulerint,
533 1599 560 1630 ac
568 1598 638 1630 nuno
646 1583 743 1646 Tungri
751 1579 828 1643 ,tuno
837 1581 962 1632 Germani
976 1597 1025 1628 ro·
1040 1586 1041 1593 ’

107 1660 158 1706 cati
172 1662 238 1706 sint:
252 1657 285 1705 ita
296 1656 406 1704 nationis
414 1669 523 1708 nomen,
533 1669 584 1700 non
593 1655 676 1717 gentis
687 1690 693 1709 ,
705 1653 831 1703 evaluisse
841 1651 985 1718 paulatim,
997 1666 1025 1700 ut

109 1745 198 1779 ornnes
208 1765 216 1793 ‚
225 1727 337 1795 primltm
346 1726 361 1774 l
371 1727 467 1773 victore
481 1725 514 1782 ob·
526 1737 623 1774 metum
634 1763 641 1786 ,
652 1743 712 1776 mor
724 1725 737 1775 i
747 1727 837 1792 seipsis
851 1727 960 1791 invento
973 1745 1023 1776 no-

108 1808 178 1856 mine
197 1805 326 1858 Germani
343 1809 499 1850 vocarentur.
517 1799 605 1849 Fuisse
616 1801 683 1867 apud
700 1818 743 1851 eos
759 1813 786 1850 ιι
797 1801 955 1850 Herculem»
971 1820 1023 1851 me·

111 1890 227 1936 morant,
245 1877 406 1943 primumque
425 1873 540 1922 omnium
554 1872 669 1922 virorum
683 1873 791 1924 sortium
811 1876 872 1924 ituri
893 1874 920 1924 in
937 1878 1024 1942 prelia

87 1996 90 2002 ,
111 1963 214 2004 canunt.
696 1967 699 1972 ·
764 1967 769 1970 ·

145 2023 191 2072 111.
211 2022 276 2069 Sunt
295 2019 343 2068 iliis
362 2017 414 2067 lraec
431 2034 532 2084 quoque
552 2019 683 2080 carmina,
700 2037 809 2086 quorum
828 2021 926 2079 relatu,
947 2038 1025 2086 quern

113 2095 259 2148 Baranam
268 2106 371 2160 rorant,
384 2093 524 2144 accendunt
538 2093 1025 2162 animosssuturaequepngnnfortunam

113 2170 169 2236 ipso
178 2181 253 2219 cautu
265 2181 420 2235 augurantur
432 2186 438 2218 :
452 2180 549 2219 terrent
561 2169 630 2219 enim
640 2206 647 2229 ,
656 2169 818 2237 trepidantre
829 2180 927 2234 ,prout
938 2172 1026 2217 sonuit

114 2247 189 2294 acies.
200 2245 254 2295 Nec
265 2256 316 2294 tam
331 2259 405 2292 rocca
415 2243 475 2300 illae,
487 2241 563 2308 qu'arn
572 2244 674 2291 virtutis
685 2253 823 2292 concentus
832 2241 954 2291 ridentur
965 2259 971 2290 ι
988 2244 1027 2291 ai·

114 2315 356 2384 lectaturpreoipue
369 2317 489 2382 asperitas
500 2318 573 2381 soni,
586 2316 727 2366 etfractum
737 2331 862 2375 murmur,
873 2315 983 2381 obiectis
996 2316 1027 2365 ad

116 2407 145 2439 os
154 2391 246 2452 acutia,
257 2387 307 2456 qud
318 2391 416 2456 plenior
424 2401 450 2438 et
460 2391 560 2454 gravior
570 2407 630 2439 mox
638 2404 786 2455 repercussu
797 2389 962 2438 intumescat.
975 2393 1027 2438 Ce-

118 2465 201 2515 tert'rrn
214 2476 239 2513 et
255 2463 359 2526 Ulixem
371 2463 473 2528 quidam
484 2465 621 2529 opinantur
641 2463 741 2529 «longo
755 2462 799 2510 illo
810 2473 836 2510 et
850 2460 968 2510 sabuloso
984 2478 1026 2510 er·

117 2556 175 2588 rore
185 2541 209 2588 iu
217 2539 282 2590 hunc
289 2541 417 2590 Oceanum
427 2537 553 2602 delatum,
561 2537 645 2597 adisse
653 2537 793 2586 Germaniae
800 2547 894 2597 terras,
902 2536 1026 2585 Ascibur-

118 2614 239 2677 giumque
252 2613 336 2677 ,qnod
347 2613 373 2662 in
384 2611 439 2678 rip-d
449 2609 533 2661 Rheni
545 2613 639 2675 eitum,
651 2610 776 2675 bodie'que
787 2609 908 2659 incolitur
917 2645 925 2674 ‚
934 2611 967 2658 ab
980 2611 1024 2658 illo

118 2686 303 2746 coustitutum,
315 2687 534 2750 nominatumque.
546 2684 624 2734 Aram
636 2683 697 2747 quio
713 2683 790 2733 etiarn
804 2681 873 2734 Ulixi
889 2697 1027 2732 consecra-

118 2770 187 2818 tam,
201 2758 300 2822 adjeoto
310 2760 405 2808 Laerta
417 2758 495 2821 patris
506 2757 627 2814 nomine,
638 2753 727 2806 codena
737 2755 795 2804 loeo
807 2757 870 2804 olim
880 2768 1008 2822 repertam
1019 2777 1026 2805 .·

120 2844 350 2896 monumentaque,
361 2843 387 2882 et
399 2830 513 2880 tumulos
522 2827 646 2895 quosdam
655 2864 662 2888 ‚
672 2830 765 2879 Graecis
773 2830 866 2879 litteris
877 2831 1026 2898 inscriptos,

119 2909 145 2956 in
157 2907 265 2955 confinio
277 2905 416 2954 Germania
425 2903 558 2969 Retioeque
567 2901 650 2952 adhuc
658 2913 775 2956 exstaret)
786 2920 793 2949 :
806 2919 860 2967 quc
870 2919 952 2966 neque
964 2922 1026 2955 con.

108 2979 219 3028 ‘firmare
238 2980 408 3044 argumentis,
427 2993 508 3042 neque
524 2976 640 3026 refellere
659 2977 686 3026 in
703 2975 790 3026 animo
801 2987 840 3025 eet
856 2993 862 3023 t
880 2992 910 3024 er
923 2977 1025 3044 ingenio

120 3049 280 3116 unoquisque
292 3049 391 3107 demat,
408 3051 446 3099 vel
456 3049 534 3098 addat
547 3050 632 3098 linem.

151 3125 197 3173 tv.
210 3123 267 3189 lpse
283 3140 371 3174 eorum
386 3123 548 3190 opinionibus
566 3122 669 3184 accedo,
683 3124 726 3188 qui
739 3123 901 3176 «Germaniae
918 3127 1023 3192 populos

122 3197 199 3244 nullis
214 3195 269 3244 aliia
288 3198 394 3246 aliarum
410 3197 544 3256 notionum
561 3197 695 3246 connubiis
706 3194 829 3252 inlectos,
845 3197 972 3260 propriam
984 3234 989 3252 ‚
999 3212 1024 3248 et

121 3271 259 3328 sinceram,
272 3281 297 3319 et
309 3270 408 3320 tantiam
420 3269 458 3318 sui
469 3271 580 3320 similem
591 3283 692 3337 gentem
704 3271 852 3321 exstitisse»
861 3269 1024 3324 arbitrantur.

121 3341 195 3393 Unde
210 3341 312 3396 habitus
329 3360 430 3414 quoque
444 3361 580 3416 corporum
588 3382 599 3411 ,
610 3359 752 3414 quanquam
766 3344 792 3393 iu
812 3352 884 3398 tanto
895 3339 1026 3406 hominum
