2100 3709
282 89 525 135 ursronrtnun
546 96 616 138 ure.
625 79 666 159 ,ri
811 132 813 136 ,
882 39 971 156 4532.

16 194 76 250 que
102 181 204 232 cirenm
219 175 322 230 brechia
337 179 394 229 tori
413 191 503 242 reste,
524 188 556 230 et'
568 181 662 230 strictis
679 177 844 232 mucronibus
859 197 865 230 :
878 179 932 232 dun

16 259 203 315 semisomnus,
218 270 247 304 ao
255 254 339 322 prope
349 254 475 317 intectus,
488 271 574 305 errore
586 253 699 306 hostium
711 266 833 305 servatur.
848 255 930 305 Nam-⁴
993 258 1035 322 Sp

16 349 50 380 ue
68 331 221 398 praeterisrn
235 345 326 378 narern
338 364 345 392 ‚
355 331 449 379 vexillo
462 329 587 396 insignem
598 337 608 388 ,’
618 331 669 380 illic
680 331 770 380 ducem
782 329 847 398 rati,
860 331 930 379 abri-

16 407 96 456 iunt.
117 406 225 456 Cerialis
242 404 304 454 alibi
316 417 420 456 noctem
440 419 541 471 egerat,
558 416 590 454 ut
601 403 716 472 ple'riqne
733 403 879 465 credidere,
896 401 932 455 ob
985 424 988 437 ¹

15 491 133 546 tuprurn
147 477 257 528 Claudia
265 478 386 540 Socrate,
399 480 514 544 mulierip
524 480 596 529 Ubire
606 498 613 528 r
624 481 713 545 vigiles
722 479 845 546 flagitium
854 491 930 528 sutem

16 553 82 601 ucis
105 551 232 601 dedecore
241 552 402 604 ‘excusabant
410 588 418 612 ,
429 565 551 618 tauquam
569 553 654 618 «jussi
670 554 760 612 silere,
772 570 803 603 ne
816 553 929 618 quietem

15 625 60 689 'prs
77 623 220 674 turbarent
230 642 238 673 :
248 625 283 674 ita
304 625 449 676 intermisso
466 626 538 692 signo
548 663 556 686 ,
568 639 593 676 et
608 625 729 688 vocibus,
741 642 767 676 se
784 641 884 691 quoque
901 626 929 678 iu

15 713 134 747 omnum
151 697 238 764 lapsos
248 715 273 748 n.
288 697 369 749 sturm
384 699 441 749 luce
457 701 554 751 revecti
570 701 669 762 hostes,
686 699 791 766 captivis
804 699 927 762 naribus,

16 773 159 822 raetoriam
172 774 315 832 triremem,
327 773 434 823 lluuiiue
445 772 546 841 Luppii
559 774 656 826 donum
670 772 771 826 Veledae
787 772 893 822 traxere.

33 845 153 896 XXIII.
172 846 282 895 Civilem
302 847 397 913 cupido
418 847 522 898 incenit
538 849 655 898 navalem
673 847 754 897 aciem
772 843 927 896 ostentandi.
980 894 982 902 ,

15 919 136 986 lomplet
143 917 215 984 quod
222 919 371 984 biremium,
379 935 483 986 quaeque
493 921 605 988 simplici
614 922 705 971 ordine
711 919 859 987 agebantur.
872 917 928 970 Ad·
992 978 997 986 Ι

15 1003 74 1042 ecta
86 994 178 1059 ingens
188 992 303 1058 lintrium
314 994 354 1041 ris
365 1009 371 1040 ε
383 993 493 1038 tricenos
504 993 727 1062 quadragenosque
739 993 804 1044 ferre
816 1003 929 1044 armatos
952 1026 956 1030 -
1024 1046 1027 1056 f

15 1067 270 1133 1ibnrnieae'solitas5
287 1079 314 1116 et
330 1064 407 1116 simul
424 1076 503 1131 capte
519 1066 610 1114 lintres
622 1072 715 1132 angulis
730 1065 928 1120 versicoloribus

16 1143 80 1191 :aud
93 1141 214 1195 indecore
223 1158 270 1209 pro
284 1128 347 1190 vilis
358 1139 520 1205 juvabantur.
535 1135 651 1205 Spatium
663 1141 734 1190 velut
744 1143 850 1204 aequoris
859 1142 929 1191 elee-

15 1216 86 1276 nm',
99 1229 151 1280 quo
167 1215 247 1265 Mose
258 1214 372 1266 fluminis
383 1229 416 1263 os
431 1224 533 1263 amnem
550 1213 668 1262 Rhenum
685 1213 787 1262 Oceano
799 1213 927 1264 adluudit·

15 1291 96 1339 {unsa
108 1287 263 1343 instruendae
278 1289 381 1347 elassis,
394 1303 471 1353 super
487 1287 588 1338 insitam
601 1286 672 1353 genti
687 1287 841 1346 vanitatem,
854 1298 882 1336 ut
895 1301 929 1336 eo

15 1379 113 1413 errore
124 1358 284 1418 commeatus
294 1361 376 1412 Gellii
384 1359 550 1411 adventantes
561 1361 749 1428 interciperent.
763 1359 869 1410 Cerialis
879 1361 927 1410 mi-

17 1439 102 1487 aoulo
118 1436 216 1503 magis,
234 1432 311 1502 quim
326 1445 415 1494 metu,
428 1433 523 1484 direxit
535 1434 656 1498 classem,
667 1450 775 1484 numero
786 1433 936 1500 imparem„

15 1529 57 1560 rsu
67 1508 207 1578 remigum,
217 1513 416 1578 gubernatorum
424 1521 487 1569 arte,
496 1510 600 1559 navium
607 1509 782 1576 magnitudine
790 1508 927 1575 potiorem.

15 1585 58 1634 dis
68 1588 169 1639 flumen
178 1586 332 1645 secundum,
343 1585 383 1634 illi
392 1594 471 1632 rento
480 1583 627 1650 agebantur.
637 1585 678 1634 Sic
685 1584 817 1652 preventi,
828 1594 930 1634 tentato

16 1659 127 1708 ciorum
137 1661 222 1722 jactu,
234 1660 399 1728 dirimuntur.
414 1656 506 1708 Civilis
513 1659 579 1708 nihil
590 1659 655 1709 ultri
668 1675 757 1718 susus,
772 1669 842 1708 trans
853 1655 926 1707 ilhe-

15 1746 75 1783 rum
81 1732 223 1780 concessit.
237 1733 345 1783 Cerialis
354 1733 465 1782 insulam
476 1733 630 1782 Batavorum
642 1733 769 1783 hostiliter
779 1732 931 1798 populatus,

15 1820 89 1871 agros
98 1801 224 1864 villasque
234 1798 322 1848 Civilis
333 1803 458 1862 intactos,
470 1803 531 1853 uoti
541 1817 594 1852 arte
604 1803 710 1866 ducum,
725 1805 835 1854 sinebat:
846 1819 926 1866 quum
943 1841 944 1860 i

15 1877 137 1935 nterim,
149 1875 217 1926 flexu
228 1874 357 1933 autumni,
371 1880 399 1923 el
410 1879 505 1926 onhais
515 1878 668 1942 pluvialibus
681 1879 823 1943 imbribus,
834 1893 926 1943 super-

15 1948 86 2002 iuaus
105 1949 204 2006 amuis,
221 1939 362 2012 palustrem
374 1942 548 2010 humilemque
566 1951 675 2001 insulam
690 1953 717 1998 in
731 1951 825 2000 lscism
844 1951 927 2016 stagni

15 2024 148 2092 opplevit:
158 2017 662 2084 accolanis,autcommestusaderant:
674 2033 805 2084 curruque
813 2023 840 2070 in
847 2025 927 2089 plano

15 2099 77 2156 rita,
89 2096 118 2145 'vi
132 2094 246 2145 fluminis
258 2089 448 2143 differebantur.
906 2097 912 2104 ”

40 2169 149 2221 xxiv.
164 2186 179 2217 c
187 2166 304 2217 Potuisse
316 2176 377 2213 tuuc
388 2161 499 2229 opprimi
512 2161 640 2227 legiones,
653 2173 680 2211 et
691 2163 802 2216 voluisse
813 2166 924 2220 Germa.

15 2261 80 2304 ros,
99 2243 145 2293 sed
157 2241 218 2292 dolo
233 2239 249 2290 h
263 2255 290 2289 re
307 2241 408 2289 flexosn
428 2236 562 2303 imputavit
581 2235 681 2287 Civilis.
696 2237 787 2305 Neque
805 2241 925 2295 abhorret

15 2333 89 2381 tero,
102 2315 206 2383 quondo
216 2315 304 2385 paucis
317 2313 376 2380 pbst
391 2312 480 2362 diebus
497 2309 594 2362 deditio
605 2312 717 2362 insecuta
729 2326 776 2365 eat.
793 2317 860 2366 Nasu
874 2318 923 2368 Ce-

15 2391 102 2455 rialis,
118 2405 164 2456 per
180 2389 296 2439 oceirltos
306 2387 427 2450 nuutios,
444 2401 459 2432 a
469 2383 570 2460 llatavis
586 2401 691 2450 pacem,
709 2387 784 2437 Civili
797 2389 923 2446 reniam»

15 2476 160 2528 ntentans,
172 2462 312 2525 Veledam,
322 2460 532 2527 propinquosque
542 2461 669 2521 monebat,
680 2458 831 2512 «fortunam
842 2463 922 2530 belli,

15 2549 52 2592 tot
64 2538 181 2589 cladibus
193 2535 338 2594 adversam,
354 2543 500 2600 opportuno
510 2549 567 2598 erga
578 2535 702 2600 populum
715 2537 859 2586 Romanum
868 2555 924 2590 me.
935 2590 944 2605 ἡ
984 2575 989 2582 .

15 2617 64 2667 rito
79 2626 190 2664 mutere.
204 2613 288 2663 Caeaoa
305 2613 447 2668 Treveros,
457 2621 575 2676 receptos
590 2610 684 2670 Ubios,
697 2623 809 2676 ereptam
820 2603 923 2668 Batavis

15 2689 124 2757 patriam
136 2704 142 2736 t
155 2703 238 2752 neque
250 2684 321 2736 aliud
336 2683 427 2736 Civilis
437 2682 549 2734 amiciris
562 2697 694 2751 paratum,
709 2685 785 2750 quim
799 2685 921 2750 vulnera,

15 2764 101 2832 luges,
110 2762 195 2813 luctus
207 2779 213 2812 :
224 2761 339 2812 exsulem
348 2775 407 2809 eum
417 2766 445 2806 et
454 2768 592 2822 extorrem,
604 2759 785 2826 recipientibus
793 2761 865 2809 oneri
877 2780 883 2812 :
895 2775 922 2816 et
971 2805 973 2808 .
1031 2803 1033 2807 .

15 2841 75 2890 tetis
89 2837 249 2905 peccavisse,
260 2834 335 2901 qudd‘
345 2835 439 2886 totiens
450 2831 570 2884 Rhenum
588 2833 790 2890 transcenderint
802 2854 808 2884 z
826 2835 921 2899 siquid
959 2897 968 2911 p

15 2912 82 2964 uitri
99 2913 252 2971 moliantur,
268 2909 328 2960 iude
349 2905 470 2974 injunium
488 2921 516 2962 et
531 2909 650 2977 culpam,
670 2909 730 2962 hinc
751 2910 876 2963 ultionem
886 2905 923 2970 bt

15 2985 74 3038 deos
89 2983 143 3036 iore
152 3001 179 3036 n.
205 2981 208 2985 ’
808 3037 812 3042 ,

43 3059 137 3110 XXV.
153 3058 329 3110 Miscebantur
339 3059 416 3109 minis
424 3056 557 3125 promissa.
567 3057 601 3107 Et
616 3055 737 3108 concussi
745 3055 921 3110 Transrhena-

15 3149 108 3184 norum
119 3131 186 3198 nde,
202 3136 267 3184 iuter
281 3134 390 3183 Batavos
406 3149 507 3198 quoque
517 3131 704 3186 sermonesorti
716 3151 722 3180 ι
735 3132 815 3180 «Non
825 3149 919 3197 proro-

15 3208 123 3277 gandum
133 3207 199 3257 ultrei
209 3209 309 3258 ruinam
319 3225 328 3273 3
339 3222 386 3258 neo
395 3224 469 3281 posse
479 3207 510 3256 ab
522 3205 573 3270 urb
581 3207 683 3257 natione
694 3208 772 3256 totius
784 3205 853 3256 orbis
862 3205 918 3258 aer·
951 3251 953 3257 .

15 3286 109 3338 vitium
119 3283 228 3354 depelli:
247 3285 310 3350 quid
319 3284 458 3354 perfectum
467 3283 533 3337 cede
545 3297 570 3336 et
582 3286 703 3338 incendiis
713 3288 856 3354 legionum,
868 3288 918 3338 nisi
996 3303 1010 3322 r

16 3356 334 3436 memorabilemque
344 3359 507 3436 recitentur?
522 3361 552 3417 Si
562 3361 718 3434 Vespasiano
728 3361 915 3422 belluinum·⁴
