2100 3709
52 21 102 80 abo
376 36 402 74 c.
424 34 518 73 cons.
545 31 663 73 naetrr

54 119 168 171 infensus
178 117 289 173 Senecae,
301 129 388 164 omnes
398 114 431 164 ad
440 131 498 164 enm
510 114 708 182 opprimendum
715 113 783 166 artes
792 117 972 182 conquirebat.

54 195 132 255 Tum,
140 191 242 256 cognito
251 189 346 238 Natalis
356 187 462 247 indicio,
472 189 594 238 Scerinus
601 205 711 253 quoque,
719 192 776 255 pati
783 191 973 254 imbecillitate,

55 284 87 316 an
96 264 242 327 cunctajnm
249 263 371 329 patefacta
378 263 483 312 credens
491 299 498 323 ,
507 279 555 310 nec
565 262 747 312 ullumsilentii
755 266 972 331 emolumentum,
1040 302 1041 305 η

55 338 137 388 edidit
148 349 265 388 eeteros.
260 355 265 366 ·
280 355 310 386 ex
326 339 417 402 quibus
429 336 563 396 Lucanus,
578 338 807 403 Quinctianusqne‚
823 351 850 388 et
863 341 972 390 Senecio

56 412 101 462 diu
111 410 230 460 abnuere.
240 409 299 460 Pbst
306 410 448 476 ‚promissi
462 412 613 476 impunitate
623 412 750 477 corrupti.
759 410 810 474 qud
822 411 973 460 tarditatem

58 497 218 545 excusarent,
227 486 353 540 Lucanus,
368 485 492 534 uAtillam
502 497 610 534 matrem
620 501 703 542 suam,
715 487 901 554 Quinctianae
912 484 972 534 Gli-

57 562 124 609 cium
133 559 236 608 Gallum
240 552 484 617 ,SenecioAnnitim
492 559 808 621 Pollionemu,amicorurn
818 560 971 627 precipuos,

56 632 229 684 nominavere.

92 707 174 758 Lvtt.
188 703 288 771 Atque
281 704 383 754 interim
396 704 478 770 Nero,
488 705 637 755 recordetur
645 704 746 753 Volusii
757 703 862 754 Proculi
873 704 972 756 indicio
1040 702 1041 705 ’

58 781 195 847 Epicharin
205 780 323 836 attineri,
335 791 454 844 ratusque
463 780 587 829 muliebre
597 794 689 844 corpus
696 777 778 844 impar
787 776 885 838 dolori,
896 790 973 827 utor·
1040 832 1041 847 ἢ

56 857 150 906 tuentis
161 853 317 904 dilacerati»
329 853 409 917 iubet.
423 854 458 903 At
470 853 540 902 illam
550 870 602 902 non
615 851 735 909 verbera,
749 867 801 900 non
817 854 905 917 ignes,
917 868 972 901 uon

57 930 95 984 irs
106 928 136 976 eb
150 927 231 996 ecrilts
246 930 435 992 torquentium,
448 945 479 978 ne
491 926 504 976 i
516 925 610 976 limini
620 935 809 993 spernerentur.
822 925 973 991 perticere,

58 1006 119 1070 quin
133 1005 231 1067 obiecta
248 1004 393 1069 denegaret.
407 1005 448 1052 sie
458 1005 557 1069 primns
568 1002 712 1067 questionis
726 1000 781 1050 dies
792 1012 968 1068 contemptus.

57 1077 165 1126 Postero
177 1093 255 1141 quum
266 1076 298 1124 ad
310 1076 412 1126 eosdem
426 1075 554 1125 cruciatus
565 1073 738 1125 retraheretur
750 1075 892 1138 gestamine
904 1073 973 1122 cette

60 1150 135 1217 (nam
145 1149 276 1200 dissolutis
287 1151 408 1200 memhris
418 1150 534 1199 insistere
545 1147 682 1214 nequibat)
691 1147 775 1210 vinclo
786 1147 881 1205 larcia,
894 1148 972 1212 quarn

58 1217 158 1289 pectori
172 1222 329 1283 detraxerat,
341 1224 368 1272 in
384 1223 491 1274 modurn
504 1221 590 1288 laquei
605 1221 638 1270 ad
650 1238 736 1270 arcum
754 1221 820 1271 sellae
835 1221 972 1279 restricto,
1040 1220 1041 1261 ἐ

59 1297 153 1348 indidit
163 1299 303 1358 cervicem,
318 1309 343 1348 et
355 1301 466 1365 corporis
479 1296 592 1364 pondere
605 1297 724 1356 connisa,
735 1307 838 1344 tenuem
848 1296 900 1358 iam
914 1296 969 1362 spi·

58 1373 138 1422 ritum
153 1374 276 1438 expressit
287 1391 294 1420 t
305 1373 413 1423 clariore
426 1373 543 1438 exemplo
553 1372 671 1421 libertina
681 1371 789 1426 mulier,
801 1369 828 1417 in
842 1367 912 1418 unet
923 1385 973 1418 ne·
1040 1432 1041 1437 ¹

59 1447 192 1505 cessitate,
207 1446 319 1506 alienos,
331 1463 361 1496 ec
370 1446 448 1514 prope
463 1446 564 1512 ignotos
577 1443 751 1512 protegendo,
763 1458 841 1508 quum
854 1443 975 1508 ingenui,
1040 1498 1041 1507 p

60 1531 86 1569 et
98 1520 159 1584 viri,
171 1533 197 1570 et
207 1521 304 1586 equites
318 1523 441 1578 Romani,
457 1533 650 1583 senatoresque,
661 1518 751 1566 intacti
764 1518 899 1566 tormentis
905 1553 915 1576 ,
926 1532 973 1564 ca-
1040 1516 1041 1577 ξ

59 1591 158 1642 tissima
170 1611 273 1660 suctum
284 1593 540 1660 quisquepiqnorum
552 1589 701 1654 proderent.
712 1590 771 1636 Non
782 1590 853 1636 enim
866 1590 975 1637 omitte·

61 1665 124 1716 bant
132 1667 249 1718 Lucanus
257 1685 371 1754 quoque,
381 1679 408 1714 et
416 1664 535 1725 Senecio,
546 1675 574 1712 et
581 1661 749 1725 Quinctitnus
755 1664 851 1726 passini
859 1664 976 1713 conscios

62 1739 136 1790 edere
144 1744 242 1808 ,surgis
256 1741 385 1806 magisque
398 1737 491 1806 pavido
508 1739 625 1801 Nerone,
635 1752 780 1802 quenquam
796 1738 975 1804 multiplicatis

61 1778 174 1864 excubiis
186 1826 267 1864 semet
276 1814 404 1878 sepsisset.

94 1888 187 1938 LVIII.
201 1890 270 1952 Quin
281 1887 418 1945 sturbem
430 1900 474 1953 per
484 1883 629 1952 manipnlos
639 1885 771 1949 occupatis
781 1885 940 1945 moenibus
933 1902 976 1936 ιι·
1039 1916 1040 1925 1

61 1981 131 2015 sesso
142 1966 219 2012 etiam
228 1966 292 2013 mari
306 1975 332 2012 et
342 1979 431 2023 amne,
445 1963 554 2014 velutin
565 1960 708 2012 custodiaris
719 1961 798 2011 dedit
810 1963 977 2014 votissima-
1039 1956 1040 1971 ³

60 2053 110 2102 que
117 2051 161 2102 per
169 2033 236 2100 lora,
247 2035 401 2102 perdonans,
411 2055 470 2088 rura
479 2053 595 2102 quoque,
604 2048 629 2085 et
638 2037 752 2102 proxima
761 2036 977 2101 municipiorum,

60 2109 159 2178 pedites
167 2109 327 2176 equitesque,
337 2112 458 2178 permixti
467 2112 603 2163 Germanis
609 2147 618 2176 ,
626 2110 721 2176 quibus
733 2109 828 2160 fidebat
838 2111 960 2176 princeps
970 2146 978 2169 ,

62 2183 134 2248 quasi
144 2183 262 2232 externis.
278 2185 407 2236 Continus
418 2185 479 2236 hino
491 2199 517 2236 et
528 2184 614 2246 iuncta
627 2185 729 2250 agmina
740 2182 820 2246 trebi,
837 2199 867 2232 ac
879 2183 980 2234 toribus

12 2267 15 2276 ·
61 2255 197 2306 linteorum
212 2256 337 2318 adiacere.
349 2252 438 2324 ¹Atque
454 2259 500 2308 ubi
511 2258 646 2319 dicendam
657 2257 690 2306 ad
701 2274 803 2306 cauum
819 2257 982 2312 introissent,

63 2331 196 2380 «laetatum
203 2346 259 2396 erga
269 2333 423 2396 conjuratos,
432 2331 454 2381 si
459 2330 579 2382 fortuitus
588 2348 682 2392 ιιιιιιο,
692 2343 720 2382 et
727 2331 806 2382 subiti
814 2347 944 2393 cosumus,
954 2333 980 2382 si

62 2404 224 2464 convivium,
235 2406 257 2454 si
269 2406 446 2473 spectaculum
456 2407 534 2454 simul
549 2407 692 2463 insistente,
706 2423 753 2473 pro
763 2407 868 2456 crimine
880 2407 979 2472 accipi:

63 2496 141 2548 quum
160 2495 234 2546 supet
246 2480 353 2532 Neronis
368 2497 396 2530 ec
411 2481 531 2546 Tigellini
545 2496 621 2530 saras
636 2481 871 2546 percontationes,
881 2481 978 2530 Fenius
1038 2474 1040 2523 l

62 2570 163 2618 quoque
172 2551 254 2604 Rufus
264 2556 388 2606 violenter
398 2565 513 2619 urgeret,
524 2552 636 2603 noudum
642 2554 674 2603 ab
684 2553 811 2602 indicibus
820 2554 979 2616 nominatus,
1038 2552 1039 2607 l

62 2629 121 2685 sed,
133 2628 183 2692 qud
195 2628 271 2679 fidem
285 2629 388 2678 inscitie
399 2639 509 2694 pararet,
523 2639 596 2678 attor
607 2627 728 2678 adsersus
740 2627 830 2676 socios.
846 2626 918 2674 ldem
928 2628 982 2678 Su.
1038 2620 1039 2629 ¹

61 2702 119 2758 brio
131 2701 220 2750 Flavio
232 2700 379 2758 adsistenti,
393 2703 574 2765 innuentiqne,
586 2720 617 2752 tn
630 2704 697 2753 inter
709 2703 788 2768 ipsam
803 2701 980 2764 cognitionem

62 2774 232 2840 destringeret
249 2772 379 2838 gladium,
397 2772 540 2838 cedensque
559 2787 686 2842 patraret,
703 2776 806 2836 tenuit,
826 2772 980 2840 infregitque
1037 2834 1038 2839 p

63 2850 188 2915 impetum
204 2847 254 2911 jans
264 2863 368 2897 manunt
379 2847 412 2896 ad
424 2849 544 2913 capulum
558 2849 699 2899 referentis.

95 2921 163 2972 le.
180 2920 275 2978 Fuere,
290 2923 333 2986 qui
346 2919 446 2987 proditi
459 2921 648 2984 coniuratione,
661 2921 723 2970 dum
734 2920 980 2982 auditurMilicbus‚
1037 2910 1038 2975 Ῐ

64 2997 125 3047 dum
133 2995 260 3046 dubitavit
270 2995 401 3056 Scevinus,
409 2995 570 3046 hortarentur
580 2996 707 3054 Pisonem,
715 3013 730 3046 t
737 3012 841 3062 pergere
851 2997 877 3046 in
888 3009 981 3056 castra,
1037 3032 1038 3035 =

21 3123 28 3131 ,
65 3082 109 3123 sut
124 3081 204 3119 rostra
223 3068 374 3132 escendere,
392 3070 523 3136 studiaque
541 3070 652 3120 militurn
670 3081 696 3120 et
711 3070 801 3136 populi
816 3082 915 3119 testas-e
933 3089 940 3119 ι
959 3068 981 3119 si

60 3147 194 3198 conatibus
208 3144 262 3208 ejus
278 3146 374 3194 conscii
391 3157 599 3211 segregarentur,
616 3158 748 3196 secuturos
759 3144 835 3194 etism
849 3145 981 3210 integros3

61 3236 229 3286 magnamque
246 3231 320 3273 nsotae
337 3221 375 3270 rei
390 3219 497 3278 lamam,
513 3236 567 3283 quas
584 3219 727 3285 plurImism
739 3219 855 3267 in'novis
865 3220 981 3268 consiliis

59 3295 169 3350 tederet.
185 3293 256 3348 llibil
266 3294 401 3348 adversum
412 3295 461 3348 hec
471 3295 569 3350 Neroni
575 3293 708 3360 pruritum
717 3310 725 3343 ι
735 3293 815 3344 etiam
822 3290 900 3348 lortes
913 3293 982 3346 risos
1036 3300 1037 3349 i
