2100 3709
127 81 181 135 338
290 86 295 90 “
453 91 481 130 u.
501 93 597 133 tour.
624 91 741 130 asciri

130 179 209 236 sere,
225 173 302 242 qulam
318 185 348 224 ut
365 185 550 224 sacramentum
566 176 698 226 recitaret.
713 172 838 224 luravdre
859 176 912 240 qui
934 174 1025 224 aderant

132 269 148 300 e
156 269 203 319 pro
214 249 320 316 imperio
331 248 470 308 Galliarum
479 265 503 297 u.
514 247 889 299 interfectoremVouulealtis
901 249 1027 299 ordinibus

133 329 232 372 ‘ceteros
242 361 249 383 ,
260 335 288 371 ut
299 324 405 387 quisque
414 323 536 386 flagitium
547 333 696 382 nataverat,
708 322 818 386 premiis
831 321 952 370 attollit.
963 322 1016 370 Diri
1029 352 1033 357 ·

133 397 194 447 inde
210 399 276 445 inter
289 397 411 445 Tutorem
425 407 451 443 et
462 395 600 444 Classicum
616 411 691 448 cura.
706 396 787 444 Tutor
801 393 894 444 validis
908 411 993 444 manu
1002 397 1031 440 cir·

135 471 269 529 eumdatos
279 471 488 536 Agrippinenses,
501 483 673 535 quantumque
686 469 797 518 militum
809 467 883 534 apud
895 470 1032 535 superiora}

134 544 219 593 Rheni
228 547 324 612 ripam,
334 547 359 594 io
369 545 458 594 eadem
466 547 543 594 verba
553 547 645 612 adigit,
655 545 745 594 occisis
754 543 922 608 Mogontiaci
933 543 1033 602 tribunis,

134 621 210 685 pulso
223 632 361 670 castrorum
373 620 504 687 prefecto,
515 622 559 685 qui
571 619 781 670 detrectaverant.
795 617 932 668 Classicus
947 635 1031 684 corrup

136 694 262 758 tissimum
271 711 396 760 quemque
408 694 422 743 ὲ
432 694 524 744 deditis
536 706 661 764 «pergere
677 695 709 744 ad
724 695 841 750 obsessos
849 711 863 741 u
881 693 978 758 jubet,
991 709 1032 743 ore·

135 770 205 818 niam
213 777 383 827 ostentantes,
393 771 412 818 si
420 772 552 837 presentia
562 781 743 836 sequerenturg
756 768 845 827 aliter,
855 767 925 817 nibil
935 771 993 834 spei
1002 766 1032 816 :a

134 856 221 898 mem,
239 842 401 914 sertumque,
418 859 444 893 er
462 857 575 894 extrema
590 859 709 912 passuros
722 859 748 892 u·
767 839 895 905 Adiecire
917 843 969 908 <pri
986 843 1034 892 miri

133 925 220 972 erant,
239 917 383 982 exemplum
399 935 482 968 suum.

166 988 225 1036 LX.
236 989 358 1040 Obsessos
368 989 428 1040 binc
438 991 514 1051 fides,
524 991 583 1042 inde
593 1004 704 1057 egestas,
718 992 783 1040 inter
791 989 871 1039 decus
880 1003 913 1038 ac
925 989 1035 1054 flagitium

135 1057 317 1114 distrahebant.
335 1066 519 1115 Cunctantibus
532 1067 605 1115 solita
619 1067 768 1132 insolitaque
785 1065 910 1113 alimenta
930 1059 1034 1126 deerant,

135 1134 276 1202 absumptis
284 1138 405 1204 jumentis
414 1141 551 1205 equisque,
568 1151 593 1188 et
602 1141 692 1190 ceteris
702 1139 853 1188 animalibus
864 1173 869 1192 ,
880 1153 939 1202 quae
949 1136 1034 1203 probus

103 1259 109 1264 ,
135 1206 250 1274 foedaque
260 1213 286 1260 in
296 1230 369 1263 usum
379 1215 515 1263 necessitas
527 1215 610 1263 vertit.
618 1215 735 1280 Virgulta
744 1209 890 1279 po‘stremd‚
906 1223 934 1260 et
944 1211 1033 1277 stirpes,

135 1293 163 1330 et
181 1284 320 1336 internatas
337 1290 402 1338 saxis
421 1287 511 1336 herbas
534 1287 669 1344 vellentes,
689 1285 850 1336 miseriarum
870 1283 1032 1351 patientiaque

53 1393 56 1399 .
137 1356 321 1410 documentum
338 1361 426 1423 luere3
438 1361 523 1411 donec.
531 1363 656 1426 egregiam
668 1359 770 1409 laudem
784 1357 833 1406 fine
849 1359 920 1424 turpi
937 1359 1033 1408 macula

134 1443 208 1494 rent,
225 1435 308 1484 missis
322 1434 355 1485 ad
369 1435 478 1485 Civilem
492 1435 581 1500 legatis
589 1471 596 1498 ‚
612 1435 715 1483 avitam
724 1451 739 1482 u
753 1443 863 1482 orantes·
879 1432 973 1496 Neque
996 1432 1033 1480 aui

137 1521 224 1570 preces
236 1506 364 1568 admisse,
378 1508 454 1572 quim
468 1511 494 1556 in
508 1506 582 1556 rerba
596 1507 737 1556 Galliarum
751 1506 870 1570 jurarent.
883 1503 955 1554 Tum
967 1518 1020 1572 pact

138 1577 272 1643 «predam
281 1593 423 1629 castrorum
430 1599 444 1629 u
454 1580 513 1638 ,dat
521 1578 652 1638 custodes,
666 1581 710 1643 qui
719 1580 852 1645 pecuniam
863 1613 869 1634 ‚
878 1577 995 1641 calones,
1004 1597 1031 1630 sar

137 1653 207 1700 cinas
216 1665 385 1715 retentarent,
397 1670 425 1702 ac
434 1655 478 1718 qui
489 1655 556 1720 ipsos
566 1654 634 1704 leves
644 1655 766 1703 abeuntes
774 1656 1026 1720 prosequerentur.l

136 1727 254 1789 quintum
267 1728 318 1776 sere
331 1727 442 1792 lapidem
456 1730 538 1776 coorti
553 1729 689 1786 Germani,
704 1728 839 1790 incautum
853 1745 945 1794 agmen
961 1730 1029 1796 adgre

88 1808 91 1817 “
136 1799 251 1850 diuntur.
266 1801 469 1866 Pugnacissimus
481 1804 586 1866 quisque
603 1804 629 1851 in
644 1801 752 1867 uestigio
763 1819 771 1868 3
784 1803 860 1852 multi
877 1803 993 1868 palantes
1005 1819 1037 1852 oc,

138 1873 248 1925 cubuere
259 1891 265 1920 ε
275 1876 353 1926 ceteri
364 1887 432 1924 retro
443 1876 469 1923 in
481 1887 561 1922 eastra
574 1875 736 1940 profugiunt,
747 1885 868 1942 querente
880 1877 940 1926 sane
954 1878 1029 1927 Civile

135 1957 162 1997 et
177 1947 321 2009 increpante
335 1946 492 2003 Germanos,
509 1957 656 2011 «tanquam
666 1949 745 1999 fidem
758 1967 801 2018 per
812 1951 898 2002 scelus
910 1953 1015 2018 abrump

133 2025 226 2067 rent‘u.
237 2018 359 2068 Simulata
368 2034 397 2066 ea
409 2016 517 2078 luerint,
529 2035 561 2066 an
570 2021 680 2071 retinere
693 2024 822 2072 sevientes
834 2025 992 2089 nequiverit,
1004 2043 1026 2092 pr

73 2134 76 2139 ,
135 2089 194 2140 raim
206 2088 364 2142 adfirmatur.
378 2090 489 2157 Direptis
498 2094 587 2142 castris
599 2093 666 2143 laces
681 2095 797 2162 injiciunt
810 2113 817 2146 :,
829 2110 992 2164 cunctosque
1005 2100 1032 2164 qu'

135 2167 224 2235 prelio
235 2167 424 2231 superfuerant,
442 2165 590 2215 incendium
602 2167 697 2217 bausit.

169 2241 239 2305 LXI.
261 2241 350 2290 Civilis
368 2238 476 2288 barbaro
498 2253 578 2300 voto,
598 2253 655 2307 post
676 2253 756 2310 copta
775 2242 899 2292 aduersus
919 2243 1026 2293 Romanu

136 2329 220 2373 arma,
232 2322 372 2381 propexum
381 2315 565 2380 rutilatumque
576 2317 686 2376 crinem,
701 2315 801 2384 patrati
810 2313 920 2368 demum
933 2317 1000 2368 cade
1007 2319 1034 2366 le·

135 2391 254 2456 gionum,
265 2391 391 2457 deposuit.
401 2391 433 2440 Et
444 2390 584 2453 ferebatur,
597 2391 703 2460 parv'ulo
714 2393 779 2452 lilio,
792 2391 921 2457 quosdam
935 2396 1034 2460 captim·

133 2481 207 2525 rum,
221 2467 317 2531 sagittis
327 2465 464 2530 jaculisque
479 2465 621 2530 puerilibus
641 2467 754 2535 figendos
765 2505 770 2521 .
783 2467 916 2518 obtulisse.
931 2466 1035 2516 Ceterin

135 2555 219 2604 neque
226 2556 268 2603 se,
278 2555 360 2603 neque
367 2555 520 2604 quemquam
531 2539 670 2605 Batavum,
681 2543 708 2590 in
718 2541 794 2592 verba
802 2539 948 2588 Galliarum
957 2539 1031 2604 adegit

134 2610 196 2660 fisus
212 2612 400 2662 Germanorum
412 2614 518 2679 opibus,
534 2616 593 2663 etsi
610 2613 757 2664 certandum
774 2611 897 2662 adversus
916 2611 1003 2662 Gallos
1013 2611 1037 2680 tle

135 2687 295 2748 possessione
308 2703 393 2736 rerum
402 2685 480 2748 foret,
491 2686 601 2755 inclytus
612 2687 691 2749 lami,
703 2699 728 2736 et
741 2688 833 2754 potior.
844 2686 986 2736 Mummius
996 2681 1037 2734 Lis-l

135 2775 242 2825 percus,
252 2762 350 2829 legatus
358 2764 482 2830 legionis,
493 2753 558 2816 inter
568 2765 634 2816 dona
645 2766 736 2820 mbsus
746 2761 855 2814 Veledae.
867 2762 903 2810 Ea
913 2763 988 2827 virgo
999 2778 1035 2810 na·

90 2854 93 2860 ·
135 2834 214 2881 tionis
222 2836 362 2899 Bructerae,
376 2836 426 2887 late
440 2838 615 2904 imperitabat,
628 2850 711 2890 uetere
725 2837 793 2903 apud
807 2837 948 2885 Germanos
961 2851 1037 2902 more*

136 2921 187 2969 qun
199 2907 330 2975 plerasque
343 2908 496 2960 feminarum
507 2911 635 2972 fatidicas,
648 2923 674 2960 et
687 2921 837 2976 augescente
852 2909 1037 2978 superstitione,

115 2975 288 3028 ‘arbitrantur
307 2980 376 3030 deas.
400 2984 521 3050 Tuncque
539 2985 640 3036 Veledae
661 2981 938 3036 auctoritas-adolevit
957 3000 962 3030 :
985 2979 1037 3052 nani

136 3072 152 3102 e
159 3071 291 3122 prosperas
301 3055 434 3107 Germanis
443 3075 493 3122 res,
503 3073 529 3110 ct
539 3061 665 3111 excidium
675 3061 825 3128 legionum»
835 3056 989 3125 predixerat.
997 3053 1037 3110 Sed

89 3178 92 3186 ,
135 3127 265 3195 Lupercus
278 3131 304 3179 in
316 3131 407 3182 itinere
418 3134 576 3187 interfectus.
587 3136 665 3187 Pauci
675 3137 857 3187 centurionum
868 3131 1037 3181 tribunorum-

134 3219 183 3266 que
197 3205 223 3252 in
235 3203 316 3254 Gallia
331 3208 425 3272 geniti,
439 3222 616 3271 reservantur,
629 3213 719 3276 pignus
731 3207 868 3260 societatis.
881 3203 1037 3264 Cobortium,

136 3276 248 3335 alarum,
259 3278 404 3343 legionum,
416 3279 522 3332 biberna
533 3283 654 3332 subversa
663 3295 826 3347 crematoque
838 3298 844 3330 ι
856 3280 886 3331 iis
897 3275 992 3330 taurin
1001 3295 1037 3330 re·

134 3349 221 3410 lietb,
237 3367 292 3416 <11¹oe
305 3353 464 3425 Mtgomltcl
480 3372 509 3406 tc
522 3354 683 3411 Vindonissa
693 3355 742 3408 sita
754 3367 824 3410 suut·
