2100 3709
104 69 156 124 406
424 79 450 116 c..
468 77 562 115 conr.
578 47 695 126 τλαίη

108 163 204 232 optimi
212 159 331 224 maximi,
344 156 476 227 auspicatis
488 160 501 210 ὲ
517 161 669 224 majoribus,
685 158 777 225 pignus
791 157 906 224 imperii,
928 159 1035 208 eondi-

107 249 177 302 tem,
190 252 266 302 quam
277 252 329 284 non
343 236 453 284 Porsena
465 233 551 283 deuiis
564 235 639 297 urbe,
652 249 734 297 neque
747 230 815 282 Galli
827 229 919 296 capti,
941 243 1034 280 terne-

108 327 164 360 sare
186 310 344 374 potuissent,
363 306 451 358 lurore
471 309 617 374 principum
638 305 769 356 exscindi!
790 305 897 354 Arserst
917 317 951 354 et
975 304 1034 354 anti

109 382 264 450 Capitolium
276 383 346 430 cirili
356 383 442 442 bello,
459 383 502 430 sed
518 381 604 430 fraude
619 380 737 447 privatis:
752 395 820 428 nunc
831 379 920 444 palam
935 379 1034 426 obses-

108 473 174 513 sum,
187 457 272 523 palam
281 457 411 505 incensum
420 458 529 522 :quibus
539 472 668 504 armorum
678 451 779 504 causis?
791 469 842 518 quo
853 465 935 502 tantae
951 451 1034 501 cladis

109 533 192 598 pretio
202 522 349 596 stetitdpro
360 530 440 596 patrii
453 531 605 582 bellavimus
616 528 626 578 l
640 527 913 591 VoverntTarquinius
924 526 1034 575 Priscus

110 624 169 667 sex,
189 598 258 654 bello
275 606 384 667 Sabino,
405 607 545 669 ieceratque
565 603 743 666 fundamenta,
764 619 807 668 spe
827 603 910 666 magis
936 600 1031 650 turnrs

109 677 305 746 magnitudinis,
317 677 393 741 qu'am
405 678 456 742 qud
470 678 575 726 medleae
588 677 670 726 adbuc
679 677 767 744 populi
778 675 888 724 Romani
899 689 945 722 res
958 675 1033 723 sulli-

111 763 285 802 ce1·ent:mox
299 752 402 819 Servius
416 751 534 813 Tullius,
546 752 672 800 coelorum
687 749 788 814 studio,
801 744 892 796 deinde
911 746 1033 811 Tarqui-

110 825 168 874 nius
177 823 313 891 Superbus,
328 824 400 889 capti
411 821 636 883 Suessll'ometid,
651 821 764 872 hostiurn
776 821 863 887 spoliis
876 820 1033 869 extruxere.

111 898 162 948 Sed
180 899 259 963 glosis
278 900 360 964 operis
377 899 489 948 libertati
505 910 650 946 reservatas.
663 897 743 963 pulsis
760 895 879 960 regibus,
898 895 1031 943 Horatius

110 973 249 1029 Pulvillus,
262 972 354 1024 iteruin
364 973 466 1033 consul,
477 972 621 1029 dedicarit,
632 973 660 1021 ed
670 969 870 1038 magnificentiis,
884 985 968 1034 quam
982 971 1032 1017 im·

111 1058 203 1094 mensae
213 1056 300 1110 postsa
311 1047 401 1111 populi
412 1047 521 1094 Romani
533 1059 593 1110 opes
604 1057 725 1094 ornarent
735 1041 837 1112 potitis,
851 1040 934 1105 qulam
947 1058 1031 1107 auge-

111 1124 178 1170 rent.
195 1116 290 1167 Iisdem
307 1118 394 1169 rursds
413 1121 527 1185 vestigiis
547 1120 626 1168 situm
648 1127 699 1179 est,
719 1115 869 1184 postqum,
889 1117 1032 1179 interiecto

112 1205 213 1241 ccccxv
226 1209 349 1242 annorum
359 1195 454 1260 spatio,
465 1197 495 1244 L.
510 1193 639 1259 Scipione,
651 1195 680 1242 C.
693 1189 812 1246 Norbano
822 1207 887 1240 coss.
898 1191 1033 1256 flagrare·

114 1278 161 1318 rat.
181 1267 275 1316 Curam
292 1268 373 1316 victor
387 1269 457 1316 Sulla
476 1270 603 1332 mscepit,
620 1283 701 1332 neque
717 1279 802 1317 tamen
814 1265 964 1314 dedicavit:
979 1264 1032 1314 hoc

116 1342 198 1391 solum
212 1339 326 1391 felicitati
340 1344 393 1407 eius
405 1355 535 1408 negatum.
545 1342 642 1394 Lutatii
655 1342 736 1390 Catuli
747 1355 840 1390 nomen
850 1378 856 1403 ,
868 1341 937 1387 iuter
956 1347 1030 1387 tanta

116 1416 244 1464 Caesarum
255 1431 346 1484 opera,
358 1433 435 1484 usque
453 1418 485 1466 ad
500 1417 636 1468 Vitellium
653 1417 756 1466 mansit.
769 1411 805 1464 Es
818 1427 879 1464 tunc
891 1412 961 1462 aedes
973 1428 1030 1472 cre·

115 1488 243 1537 mabatur.
397 1547 400 1551 ,

150 1559 269 1610 LXXIII.
288 1559 338 1608 Sed
348 1561 405 1626 plus
415 1563 515 1627 pavoris
524 1565 645 1623 obsessis,
659 1563 735 1628 qubm
747 1561 919 1612 obsessoribus
931 1559 1030 1609 intulit.

120 1635 222 1699 Quippe
240 1633 395 1682 Vitellianus
412 1636 485 1683 miles
492 1672 501 1697 ,
515 1654 597 1702 neque
616 1648 688 1694 astu,
704 1653 788 1701 neque,
804 1627 943 1686 constantii
960 1635 1043 1680 interl

120 1706 197 1755 dubia
209 1704 347 1770 indigebat.
359 1709 397 1757 Ex
409 1706 509 1758 diverso
520 1711 614 1777 trepidi
626 1711 735 1767 milites,
746 1709 798 1762 dux
805 1710 891 1776 segnis
901 1721 942 1768 ,et
949 1707 1034 1756 veluti

122 1779 310 1846 captusanimi,
322 1796 372 1827 non
383 1782 485 1845 lingui,
500 1801 550 1834 non
562 1787 663 1833 auribus
676 1795 822 1850 competere
831 1803 837 1830 ι
847 1799 931 1848 neque
942 1781 1035 1831 alienis

122 1853 233 1902 consiliIs
245 1854 306 1916 regi,
319 1869 400 1916 neque
411 1871 456 1902 sua
468 1859 587 1922 expedire
600 1878 605 1906 :
617 1856 668 1905 buc
680 1858 741 1906 illuc
754 1857 908 1907 clamoribus
918 1858 1033 1909 hostium

123 1926 275 1988 circumagi:
286 1941 340 1986 quae
351 1929 456 1988 jusserat
468 1941 568 1994 vetare,
583 1946 638 1995 quse
649 1942 764 1980 vetuerat
773 1932 867 1994 jubere.
879 1931 955 1996 Mox,
968 1934 1034 1995 quod

123 2001 150 2048 in
160 1996 265 2062 perditis
278 1996 354 2063 rebus
365 1999 471 2059 accidit,
485 2020 574 2070 omnes
584 2005 736 2070 praecipere,
749 1999 823 2053 uenio
834 2007 939 2069 exsequi
950 2025 956 2052 ε
973 2022 1033 2070 pos-

79 2097 82 2106 ·
123 2069 218 2136 tremb,
229 2068 333 2135 abjectis
344 2074 420 2121 armis
431 2108 438 2136 ,
449 2073 536 2142 fugam
547 2089 572 2127 et
584 2078 688 2127 saliendi
701 2090 765 2128 artes
774 2079 1042 2144 circumspectabant„

124 2143 275 2211 Inrumpunt
291 2145 438 2214 Vitelliani,
459 2163 485 2199 et
504 2167 595 2202 cuncta
615 2156 749 2220 sunguine,
772 2153 852 2214 lerru,
875 2155 1032 2217 flammisque

127 2221 243 2269 miscent,
258 2221 334 2269 Pauci
344 2222 495 2272 militarium
505 2229 629 2283 virorum¹
646 2230 710 2277 inter
720 2246 783 2293 quos
792 2227 903 2276 maxime
916 2230 1031 2292 insignes,

128 2293 261 2342 Cornelius
271 2291 396 2342 Martialis
405 2331 412 2352 ‚
421 2297 540 2346 AEmilius
550 2301 683 2360 Pacensis,
695 2305 828 2368 Casperius
837 2301 932 2365 Niger,
946 2301 1031 2350 Didius

127 2365 210 2412 Scaeva
213 2380 339 2429 ,pugnam
349 2369 411 2425 ausi,
422 2370 615 2421 obtruncantur.
628 2371 743 2435 Elarium
753 2374 888 2432 Sabinum,
902 2375 1033 2433 inermem,

131 2454 214 2503 neque
229 2438 313 2502 lugam
327 2452 493 2506 coeptantem,
508 2446 712 2506 circumsistunt,
725 2460 750 2496 et
762 2445 910 2508 Quinctium
922 2449 1034 2496 Atticum

132 2512 272 2569 consulem,
282 2513 372 2562 umbri
385 2514 536 2566 lionorisfet
548 2519 646 2569 suimet
656 2523 767 2590 vanitate
779 2531 956 2578 monstratum,
969 2521 1036 2584 qubd

132 2585 214 2635 indicta
226 2586 249 2631 in
262 2585 394 2650 populum,
406 2607 452 2654 pro
464 2591 620 2658 Vespasiano
633 2595 774 2659 magnifica,
785 2594 906 2659 probrosa
917 2595 1035 2644 adversus

131 2659 264 2708 Vitellium
281 2657 381 2721 jecerat.
395 2664 477 2712 Ceteri
492 2683 537 2729 per
554 2671 633 2718 rarius
647 2684 717 2716 casus
731 2668 822 2733 elapsi,
836 2667 939 2732 qnidam
951 2671 1033 2718 servili

132 2731 230 2783 habitu,
240 2732 281 2778 alii
292 2731 341 2779 fide
349 2735 480 2784 clientium
492 2741 611 2798 contecti,
623 2751 647 2787 ct
656 2741 721 2788 intur
731 2735 842 2788 sarcinas
849 2740 936 2789 abditi.
946 2741 1029 2808 Fudre,

131 2805 183 2870 qui,
194 2817 298 2869 excepto
309 2806 503 2856 Vitellianorum
515 2813 596 2875 signo,
606 2829 656 2876 qno
668 2809 734 2860 iuter
744 2828 769 2858 se
779 2813 955 2870 noscebantur,
966 2814 1028 2862 ultro

132 2881 270 2943 rogitantes
280 2881 491 2944 respondentesve
501 2921 507 2941 ,
521 2885 650 2933 audaciam
663 2901 709 2954 pro
719 2884 814 2933 lstrbrlr
825 2884 952 2934 baberent.

168 2953 289 3002 LXXIV.
307 2955 484 3014 Domitianus,
495 2958 575 3025 primii
588 2961 727 3024 irruptione
740 2957 807 3024 apud
819 2957 938 3006 aeduuurn
948 2960 1039 3056 occul-p

134 3036 210 3079 talus.
221 3027 322 3076 soter-tis
333 3029 428 3086 liberti,
441 3032 508 3078 lineo
521 3034 615 3082 amictu
627 3035 705 3080 turim
718 3033 896 3080 sacricolarum
907 3034 1030 3083 immixtus

133 3103 328 3167 ignoratusque,
350 3102 418 3166 apud
435 3104 581 3151 Cornelium
600 3104 730 3160 Piinrunr.
749 3119 883 3171 paternum
901 3108 1027 3167 clientem,

131 3174 202 3238 juxta
212 3173 364 3238 Velabrum,
374 3177 484 3225 delituit.
494 3178 532 3226 Ac
543 3179 655 3244 potiente
667 3198 750 3228 return
764 3194 846 3245 palm,
858 3178 959 3244 disiecto
972 3185 1027 3231 aedi·

67 3277 72 3282 .
133 3249 172 3295 tui
183 3248 366 3310 contubernio,
379 3251 507 3300 modicum
519 3254 638 3300 sacellum
650 3255 709 3301 Jurr
722 3268 920 3304 conservarem
928 3295 935 3320 ,
950 3263 1038 3305 :uam-¹

133 3337 184 3388 que
202 3324 304 3389 posuit,
323 3340 394 3379 casus
408 3343 467 3381 suos
480 3327 504 3378 in
519 3343 646 3380 marmore
659 3344 813 3402 expressam.
829 3329 893 3390 lllox
911 3313 1038 3404 iurperiunl
