2100 3709
355 87 536 127 annuerunt
552 92 618 126 sss.
634 90 681 128 ιι.
928 75 974 127 ιὸι

82 170 166 242 ¹XIIl.
185 168 222 220 At
235 169 357 219 Claudius
369 171 524 221 matrimonii
538 172 578 220 sui
594 172 711 236 ignarus,
725 179 751 218 et
766 169 852 218 monia
864 168 978 220 censoris

52 262 198 311 usurpans,
208 242 376 295 «theatralem
385 247 478 311 populi·
485 246 635 294 lasciviam»
642 239 737 289 severis
746 241 971 306 edictisinctepuit,

53 336 69 367 u
78 318 158 383 qubd
170 320 196 367 in
208 319 238 367 Ρ,
251 318 421 385 Pomponium
433 322 593 369 consularem
602 336 617 367 u
631 318 665 383 (is
676 318 787 365 carmina
799 332 877 365 scene
889 314 977 379 dabat)
1015 305 1025 360 ¹.

53 410 68 442 r
81 394 168 459 inque
177 392 283 441 feminas
295 392 406 443 illustres
418 394 510 459 probra
525 393 653 455 iecerat».
670 391 704 439 Et
712 391 768 453 lege
777 390 844 443 lati.
858 388 978 442 sevitiam

52 466 219 516 creditorum
239 468 367 524 coercuit,
391 483 444 515 one
461 468 487 515 in
505 476 616 528 mortens
631 475 766 530 pareptum
785 461 904 528 pecunias
918 460 977 508 liliis

53 539 216 589 familiarum
235 538 323 588 foenori
341 540 464 599 darent».
484 540 627 602 Fontesque
640 528 762 602 aquarum
778 536 810 584 ab
827 532 980 581 Simbruinis

54 612 169 661 collibus
180 609 322 682 deductos,
333 615 389 662 urbi
402 614 499 661 intulit.
509 611 548 662 Ac
560 627 639 660 noras
649 612 791 660 litterarum
802 607 893 674 formas
903 602 977 651 addi·

53 688 106 743 dit,
120 686 308 752 vulgavitque5
329 696 463 751 comperto
484 685 597 733 Graecam
617 700 718 748 quoque
735 684 905 741 litteraturam
921 693 973 725 nun

54 760 136 809 simul
149 771 276 822 creptam,
289 760 494 823 absolutamque.
571 763 577 770 '‘
944 805 948 806 ⁷

87 831 170 881 XIV.
181 832 262 880 Primi
279 850 323 897 per
336 834 426 897 figuras
437 833 586 881 animalium
600 830 817 897 AEgyptiilsensus
828 827 920 875 mentis
938 823 979 871 el-

57 906 210 971 fingebant3
234 918 260 954 et
278 906 453 971 antiquissima
472 917 638 954 monumenta
656 904 784 951 memoriae
799 901 915 952 humanae
931 900 981 945 iur-

58 997 149 1047 pressa
164 978 233 1027 saxis
244 991 394 1041 cernuntur,
415 991 441 1029 et
455 973 621 1028 «litterarum
638 988 721 1025 cernet
732 976 879 1032 inventores
892 970 981 1037 perhi-

58 1056 141 1119 bent3
158 1052 241 1101 «inde
253 1046 403 1109 Phoenicas,
415 1053 475 1117 quia
487 1054 550 1101 mari
572 1050 754 1116 prepollebpnt
764 1084 771 1109 ,
782 1047 896 1095 intulisse
909 1046 983 1098 Gras-

61 1129 106 1175 ciae
118 1164 124 1181 ‚
136 1122 295 1191 gloriamque
308 1128 430 1192 adeptos,
443 1139 563 1191 tanquam
572 1125 724 1190 repererint,
733 1139 787 1186 quse
795 1132 943 1186 acceperant
952 1137 978 1169 r.

62 1204 170 1269 Quippe
182 1202 248 1261 lama
258 1214 311 1264 est,
326 1201 489 1259 «Cadmum,
502 1202 580 1249 classe
591 1199 739 1247 Phoenicum
749 1186 851 1248 vectum
858 1231 865 1254 ‚
876 1194 983 1242 rudibus

64 1276 151 1325 adhuc
170 1276 319 1324 Graecorlrm
337 1275 440 1340 populis
455 1275 515 1322 artis
533 1275 587 1336 eius
600 1284 729 1323 auctorem
740 1268 815 1318 luisse
830 1288 855 1317 u.
870 1266 981 1329 Quidam

64 1351 229 1414 «Cecropem
241 1347 436 1399 Atheniensem,
452 1348 492 1393 vel
502 1346 595 1393 Linum
606 1342 772 1401 Thebanum,
786 1354 812 1389 et
820 1342 983 1406 temporibus

64 1424 184 1482 Troianis
199 1419 364 1469 Palamedem
374 1418 497 1479 Argivum
506 1433 521 1463 u
537 1425 696 1474 memorant,
716 1412 866 1459 usexdecim
880 1414 985 1459 littera·

64 1512 123 1545 rum
134 1494 248 1556 formas:
262 1508 322 1539 mox
332 1492 413 1545 alios,
427 1506 454 1536 ac
463 1489 620 1554 precipuum
635 1484 793 1533 Simonidem
805 1495 900 1530 ceteras
911 1498 984 1544 repe·

8 1570 9 1613 ἑ
65 1568 129 1618 risse
140 1583 164 1614 s.
184 1566 219 1614 At
229 1564 256 1613 in
272 1562 345 1611 ltalia
361 1564 461 1611 Etrusci
477 1562 508 1610 ab
524 1558 655 1627 Corinthio
666 1560 819 1613 Demarato,
835 1552 985 1618 Aborigines

65 1640 168 1693 Arcade
181 1640 213 1687 ab
223 1636 340 1686 Evandro
352 1636 511 1685 didicerunt:
522 1648 549 1683 et
560 1630 641 1682 forma
651 1633 744 1682 litteris
752 1630 863 1687 Latinis,
875 1646 929 1693 que
939 1626 986 1675 rs-

67 1702 346 1769 terrimisttraec'orum.
356 1709 406 1759 Sed
413 1710 590 1774 nobisquoque
597 1723 681 1771 peuce
688 1698 986 1771 primumluer'eudeinds

8 1790 9 1793 ’
68 1789 162 1841 additas
173 1798 242 1837 sunt.
253 1786 311 1847 Quo
319 1780 437 1853 exemplo
446 1782 572 1836 Claudius
580 1794 630 1830 tres
639 1782 737 1830 litterss
745 1777 844 1841 adieris,
851 1793 906 1841 que
915 1775 983 1831 suni,

68 1865 234 1933 imperitante
250 1876 300 1915 eo.
321 1876 379 1927 post
399 1859 551 1913 oblitteratae
557 1893 566 1917 ,
586 1854 764 1923 adspiciuntur
781 1854 859 1918 etiam
874 1864 943 1906 nuuc
957 1848 985 1897 tn

8 1954 10 1965 ’
69 1958 117 1992 ere
127 1934 288 2005 publicandis
299 1934 456 1999 plebiscitis,
468 1948 512 1998 per
523 1930 581 1987 lora
591 1948 622 1980 ac
631 1929 726 1995 templa
735 1928 794 1976 hro.
820 1977 824 1984 ,

8 2006 9 2019 ’
102 2013 166 2064 XV.
186 2009 282 2059 Retulit
296 2008 387 2057 deinde
399 2007 433 2056 ad
446 2018 579 2063 senatum.
599 2020 673 2071 super
684 2002 793 2067 collegio
804 1998 968 2063 haruspicum
979 1988 989 2051 ,¹

71 2107 86 2139 s
95 2080 308 2137 rie'retustissima
317 2082 395 2129 ltalia
405 2079 506 2143 discipli
511 2096 544 2127 na
552 2094 598 2144 per
606 2077 728 2135 desidiam
737 2076 893 2126 exolesceret
902 2090 909 2121 s
922 2069 986 2134 sepe

71 2160 185 2213 adversis
194 2156 340 2221 reipublicae
352 2153 512 2218 temporibus
524 2153 619 2200 hceitos
631 2188 638 2205 ‚
650 2166 758 2213 quorum
768 2151 868 2200 monitu
877 2144 988 2198 redinte-

74 2247 159 2303 gratas
170 2230 325 2281 cerimonias
339 2265 345 2287 ‚
359 2239 386 2277 et
400 2230 567 2293 inposterum
578 2224 674 2273 rectibs
684 2222 800 2272 halmas:
813 2222 987 2287 primoresque

74 2310 182 2362 Etruriae
197 2315 303 2371 sponte,
323 2314 368 2351 aut
387 2302 493 2357 Parrum
510 2301 683 2356 Romanorum
707 2296 834 2361 impulsu,
853 2290 988 2340 retinuisse

77 2380 221 2437 scientiam,
239 2390 266 2428 et
279 2381 306 2427 'ru
323 2377 430 2427 familias
448 2373 602 2441 propaqhssc
617 2370 711 2435 :quod
724 2386 791 2425 nunc
803 2365 905 2431 segnius
917 2362 990 2416 fieri.

77 2455 179 2526 publica
189 2454 255 2505 circa
265 2453 345 2501 bonas
355 2460 421 2499 artes
431 2447 547 2497 socordia
556 2480 564 2500 ,
574 2456 601 2493 et
611 2459 670 2508 quse
679 2453 787 2495 externa
797 2430 990 2505 superstitiones

79 2532 229 2581 calescant:
247 2539 271 2575 et
292 2526 348 2575 laets
366 2522 469 2588 quidem
485 2521 512 2569 in
527 2532 636 2585 presens
653 2516 758 2579 omnis3
777 2512 822 2562 scd
837 2504 991 2571 benignitati

8 2610 10 2629 '
85 2605 161 2655 delam
180 2603 287 2667 gratiam
302 2596 479 2661 nesciendam,
495 2612 527 2645 ne
544 2594 614 2650 ritus⁴
625 2598 777 2653 sacrorum,
791 2590 859 2638 iuter
874 2582 991 2645 ambigua

83 2680 146 2729 culti
156 2686 161 2733 ζ
172 2692 216 2742 per
227 2692 347 2742 prospera
360 2672 570 2735 oblitterarentur
578 2685 604 2717 a.
621 2666 730 2718 Factum
742 2681 772 2713 ex
782 2675 813 2712 eo
823 2671 991 2711 senatuscon-

84 2754 178 2804 sultum
189 2772 195 2813 3
209 2750 350 2801 striderent
361 2747 494 2815 pontifices
504 2760 558 2812 que
570 2740 705 2794 retinenda
719 2736 890 2803 firmandaque
899 2732 992 2783 harus-

83 2830 168 2898 picum
177 2842 205 2874 u·

115 2897 186 2949 XVl.
203 2894 300 2947 Eodem
318 2912 386 2946 anno
402 2894 590 2945 Cheruscorum
602 2903 664 2955 geos
681 2902 767 2953 regern
782 2884 864 2941 Romal
880 2880 991 2949 petivit,

85 2970 183 3023 arnissis
194 2987 238 3036 per
248 2973 349 3021 interm
360 2970 425 3021 bella
435 2968 583 3023 nobilibus,
601 2976 630 3018 et
638 2979 691 3012 uno
703 2961 802 3026 reliquo
812 2958 897 3023 stirpis
906 2955 991 3019 regia,

86 3048 131 3117 qui
147 3044 214 3111 apud
229 3045 318 3098 urbem
336 3042 476 3093 habebatur
486 3028 616 3103 ‚loomine
632 3036 762 3104 Italicus.
779 3035 916 3083 Paternum
932 3027 993 3077 huic

88 3137 164 3193 genus
180 3120 193 3169 e
207 3120 312 3177 Flavio,
328 3118 404 3170 lratre
417 3116 544 3178 Arminii3
556 3123 644 3165 mater
658 3126 688 3159 er
707 3110 845 3160 Catumero
858 3141 865 3162 ,
876 3102 992 3167 principe

8 3216 11 3225 ·
89 3200 233 3251 cattorum.
245 3205 298 3243 esst
317 3210 324 3241 :
341 3194 395 3258 ipse
405 3191 485 3242 formis
496 3190 621 3250 decorus,
635 3195 663 3233 et
673 3184 750 3233 armis
760 3182 880 3243 equisque
891 3211 898 3233 s
911 3176 936 3221 3¹¹
946 3188 995 3237 ΡΙ·

89 3274 165 3324 trium
178 3278 345 3333 nostrumque
357 3282 470 3322 morem,
480 3263 614 3315 exercitus.
627 3256 708 3321 Igitur
718 3256 908 3303 Cesarauctum
915 3261 995 3311 pecn-

90 3344 146 3406 stt,
160 3342 251 3398 additis
265 3340 448 3419 stipatoribus,
462 3336 578 3387 hortatur
593 3329 710 3397 ugentile
720 3326 902 3442 decusgsapno
911 3318 995 3369 auimo

150 3537 160 3567 Ι
