2100 3709
76 33 79 38 r
98 74 125 110 et
130 64 225 124 fulgur.
233 58 316 108 Plauti
325 62 447 108 cnsilium.
461 59 566 106 Neronis
580 60 689 106 morinus
701 59 807 109 Corbulo
819 58 1000 112 nens'streune

99 130 162 180 gerit
175 131 201 172 in
209 119 337 178 Armenii,
347 124 395 183 quel
406 125 507 176 Tigrani
515 123 620 179 traditi,
634 125 862 184 Syriaproeficitnr.
874 129 1001 173 Coloniae

45 245 48 249 Ι
100 190 215 234 deduotsc.
230 187 337 233 Comitia
344 196 475 244 pratorum
486 189 627 244 composita.
641 188 729 233 Vibius
739 189 877 235 danrnatus.
887 194 921 237 ln
930 193 1002 238 Bri·

100 252 184 296 tannia
193 249 274 295 clades
283 256 392 307 accepta,
403 256 426 292 et
437 255 487 292 tota
493 250 696 306 poenepmvincia
704 253 797 297 amissa
803 268 812 306 ,¹
821 267 893 311 quam
902 263 1010 298 tamem

60 353 66 362 ,
99 313 229 366 Suetonius
238 311 313 355 *unius
318 311 400 366 proelii
413 321 522 354 successu
531 313 627 355 retinet.
638 309 788 356 classiciani
793 316 911 368 pravam.
920 313 1002 360 ll'em

99 372 212 419 libertum
227 373 253 414 in
264 369 420 416 Britanniam
435 372 527 424 mittit,
538 370 698 417 irridentibus
710 372 828 418 tamasis.
842 374 879 419 Ob
885 375 999 432 falsum

100 441 270 480 testamentum
278 433 393 477 dammi.
402 432 521 478 Antonius
526 433 633 478 Primus.
641 428 782 490 Profectus
786 435 850 480 urbis
856 435 927 481 domi
935 449 998 480 suoe

102 495 286 552 interfectum-et
295 495 441 552 supplicium
450 493 588 552 dejismilid
596 502 725 552 sumptum.
736 495 876 555 Tarquitius
885 497 1002 542 Priscus

102 557 238 602 damnatus.
250 557 339 602 Census
348 551 494 601 Galliarum.
501 557 567 602 Mors
575 557 658 602 etlaus
667 556 760 609 licenti.
770 559 900 602 Sententia
908 558 1000 603 Tara-

101 630 158 664 seoe.
167 619 283 664 Adulatio
294 620 320 666 V
318 621 398 663 itellii.
405 619 511 665 Neronis
521 621 672 676 rescriptum.
681 619 784 671 Veiento
792 620 870 665 ltalitl
876 621 998 677 pellitur.

102 678 178 724 Burri
185 691 260 734 mors,
270 680 335 732 laus,
344 693 500 724 successores.
510 682 542 724 ln
550 682 668 724 Senecam
678 681 870 735 criminationes,
880 687 905 722 et
913 680 949 724 ael
957 683 998 726 il·

103 741 294 785 liusorallonem
302 741 410 787 Neronis
418 742 520 789 subdola
530 743 662 799 responsio.
677 742 769 788 fenus
777 744 936 786 imminuitur·
941 756 999 786 ua·

104 802 208 848 lescenle
222 802 360 860 Tigellino.-
371 805 412 864 qui
426 804 512 849 Plauto
522 811 546 848 et
555 805 633 850 Sulla
638 803 775 861 periculum
783 806 870 857 stmit,
883 816 996 860 quonam

104 859 146 906 lrlo
154 865 250 914 ignarus
258 865 415 926 opprimitur:
425 865 528 909 Plautus
535 874 671 925 quanquam
676 865 845 921 premonitus,
854 879 940 910 necem
947 877 995 907 et-

102 930 192 978 pectal.
202 923 275 979 Nem,
287 924 360 968 sacra
372 925 483 982 Poppeel‚
499 926 623 970 &luviem
632 927 762 970 amolitur:
771 926 801 971 ob
812 928 941 972 Octaviam
954 936 995 969 re-

104 990 214 1027 uocatam
226 987 312 1042 papuli
325 987 427 1040 loetltia,
442 987 555 1043 Poppaea
566 996 657 1042 metus,
674 995 698 1031 et
711 987 771 1032 loli.
784 989 883 1032 Aniceti
890 987 974 1030 scelus
979 1002 999 1040 ,·,

104 1053 137 1087 en
145 1057 191 1100 quo
204 1045 312 1089 Octavia
326 1048 456 1104 exsilium,
464 1055 487 1092 et
496 1061 570 1095 mors.
582 1049 726 1106 Teniqorum
736 1049 878 1106 infelicitas.
893 1049 994 1098 senem

105 1113 239 1150 accusatur.
249 1108 347 1154 Pisonis
354 1109 450 1156 insidia
459 1112 484 1155 ia
492 1110 623 1158 Neronem.
636 1112 710 1158 Gesta
719 1109 771 1156 bac
779 1111 852 1156 annis
858 1109 908 1158 IV.

216 1255 245 1309 C.
255 1258 395 1327 Vipstano,
407 1261 438 1312 C.
450 1261 559 1312 Fonteio
569 1261 704 1376 Capitone.

215 1326 602 1393 Neroneclaudiocseaarebug.
622 1323 992 1380 lcouocmeliobeututc.

217 1393 247 1442 C.
258 1392 372 1443 Creronio
380 1394 502 1448 Pensm.
513 1395 635 1443 Petronio
645 1394 806 1462 Turpiliano.
841 1449 847 1454 ,
942 1436 946 1440 Α

216 1459 247 1510 Ρ.
256 1457 341 1511 Mario
351 1461 438 1522 Celso,
449 1461 478 1512 L.
491 1460 581 1510 Asinio
590 1460 675 1512 Gallo.

112 1355 186 1412 Coss.

78 1621 102 1674 1.
120 1591 166 1676 C.
186 1624 337 1684 litterano,
349 1623 457 1671 Fonteio
466 1637 532 1669 coss.
546 1619 591 1669 diu
600 1619 752 1671 meditatum
764 1621 846 1671 scelos
855 1638 908 1671 aon
920 1619 991 1671 altri

80 1698 149 1750 Nero
161 1697 275 1758 distulit,
288 1707 414 1745 vetustata
424 1694 527 1760 imperii
537 1695 629 1744 coaliss
639 1696 744 1746 audeoii
750 1733 759 1757 ,
768 1710 794 1746 et
802 1697 950 1760 uagi-auiae
961 1697 990 1746 iu

81 1772 136 1821 dics
146 1787 233 1820 amore
242 1771 352 1835 Poppaea
362 1805 367 1823 ,
379 1783 433 1831 quas
446 1767 495 1815 sibi
507 1768 701 1818 matrimonium
711 1804 718 1826 ‚
729 1783 755 1818 et
765 1769 900 1828 discidium
909 1770 993 1820 Octa·

4 1895 7 1900 ,
81 1845 140 1901 rite,
152 1843 274 1892 incolumi
284 1840 438 1907 agrippini,
448 1839 516 1887 haud
525 1856 637 1906 sperans,
646 1841 742 1892 crebris
751 1844 989 1902 criminationibus.

80 1907 216 1981 aliquindo
224 1931 269 1982 per
279 1913 380 1962 facetias
391 1913 516 1962 incusaret
525 1914 667 1982 principem
675 1953 682 1972 ,
690 1927 717 1964 ct
726 1912 865 1986 pupillum
873 1925 993 1979 vocaret,

81 1991 148 2054 aqui
159 1987 232 2052 jussis
248 1987 336 2035 alicnis
352 1986 494 2044 obnoxius,
509 2003 562 2036 non
575 1987 654 2039 modi
671 1990 789 2056 imperii,
805 1990 852 2040 sed
863 1992 992 2041 libertatis

45 2103 54 2120 ,
78 2065 155 2113 etiarn
167 2059 301 2126 indigeret.
318 2061 370 2110 Cur
381 2061 451 2110 cuim
468 2059 560 2110 differri
570 2063 672 2128 nuptias
682 2059 761 2112 suasi
773 2062 881 2122 lormam
892 2064 991 2113 scilicet
1028 2090 1032 2095 ·

80 2135 226 2204 displicere,
235 2148 263 2186 et
275 2131 440 2202 triumphales
454 2151 516 2186 avos
527 2132 539 2186 i
552 2135 594 2188 An
604 2136 786 2187 secunditatem
797 2149 823 2186 et
833 2153 921 2186 rerum
931 2139 992 2186 arsi·

80 2207 171 2261 mum?
185 2211 284 2270 timeri,
296 2229 328 2261 ne
340 2227 404 2261 naor
414 2211 503 2262 saltem
518 2209 625 2274 iniurias
633 2221 752 2276 patrum,
766 2210 931 2276 irampopuli
942 2209 992 2259 ael·

80 2299 168 2334 versus
179 2286 337 2352 superbiam,
351 2285 533 2350 avaritiamque
544 2286 631 2334 matris
643 2286 747 2350 aperiat.
766 2282 844 2346 Quid
856 2287 878 2333 si
886 2299 991 2332 murum

80 2358 221 2425 Agrippina
231 2377 281 2409 non
292 2362 341 2412 nisi
350 2361 402 2410 filio
412 2358 531 2410 infestam
541 2357 606 2410 latre
614 2370 712 2428 posset,
719 2357 839 2407 reddatur
850 2360 902 2424 ipsa
911 2357 994 2406 orho-

80 2434 123 2483 nis
134 2433 251 2499 conjugio
262 2453 267 2482 :
281 2437 378 2484 iturum
391 2433 494 2500 quoqub
507 2445 645 2493 terrarum,
656 2433 702 2482 ulii
717 2432 817 2482 audiret
827 2431 914 2500 potilts
924 2447 991 2481 con-

42 2563 49 2578 χ
81 2509 198 2558 tumelias
206 2507 455 2576 imperatoris,quim
465 2510 565 2566 viseret,
575 2508 696 2574 periculis
705 2507 761 2572 eius
769 2509 884 2556 immixta
892 2507 993 2574 asflat

81 2594 156 2648 arque
169 2584 243 2641 talia,
256 2583 373 2649 lacrymis
385 2591 412 2630 st
426 2590 481 2629 ants
492 2579 610 2628 adultere
624 2581 797 2646 penetrantia,
810 2594 885 2628 nemo
898 2578 992 2645 probi-

81 2655 173 2721 bebatq
185 2657 346 2719 cupientibus
355 2655 454 2702 cunctis
464 2648 568 2717 infringi
573 2657 662 2703 matris
669 2655 823 2720 potentiam,
833 2665 860 2702 ct
870 2652 993 2706 credente
1008 2671 1018 2678 ·

81 2728 153 2776 nullo
160 2763 168 2787 ,
179 2743 258 2790 usque
270 2725 302 2773 ad
314 2725 408 2774 cadem
421 2723 475 2783 cius
486 2723 606 2776 disrntura
614 2727 661 2776 lilii
672 2727 742 2779 odia.
804 2736 810 2744 “

114 2799 150 2849 11.
173 2796 265 2848 Tradit
277 2799 399 2858 Cluvius,
414 2796 525 2848 «ardore
538 2799 856 2867 retinenda-:Agrippinam
870 2801 991 2864 potentia

80 2871 112 2922 cb
125 2887 204 2935 usque
216 2884 377 2938 provectam,
389 2882 417 2921 ut
425 2869 512 2922 medio
522 2872 588 2936 diei,
599 2892 679 2940 quum
692 2874 719 2923 id
730 2874 853 2939 temporis
863 2873 933 2923 Nero
945 2889 991 2940 per

81 2948 171 2996 riuum
180 2946 300 3011 etepulas
308 2945 470 2996 incalesceret
477 2951 492 3006 ,''
498 2945 600 2997 offerret
608 2964 634 2996 se
647 2945 886 3014 saepiirstemulento
896 2945 989 3013 comp·

25 3065 26 3068 ,
82 3029 149 3080 tam,
164 3030 191 3070 et
202 3021 298 3071 incesto
313 3032 437 3090 paratam.
453 3021 559 3088 lamque
572 3022 668 3072 lasciva
683 3019 783 3080 oscula,
798 3031 825 3069 et
837 3021 988 3087 pronuntias

82 3096 172 3162 flagitii
188 3095 339 3155 blanditias,
350 3097 531 3148 adnotantibus
542 3098 680 3165 proximis,
692 3096 812 3146 Senecam
823 3108 912 3146 contra
928 3114 986 3146 mu-

80 3168 172 3219 liebres
179 3170 309 3220 illecebras
320 3170 462 3222 subsidium
471 3169 484 3220 i
494 3171 586 3221 lamini
596 3171 729 3237 petivisse:
740 3171 930 3233 immissamque
937 3171 987 3219 Ac-

48 3270 51 3276 ·
82 3241 252 3294 taulibcrtam
259 3277 267 3306 ,
275 3257 340 3312 quta,
348 3243 425 3312 simul
433 3259 480 3294 auo
491 3236 619 3312 periculo,
630 3253 657 3296 ct
667 3241 771 3309 iulamil
782 3243 890 3301 lleroais
899 3247 986 3312 auxia,
