2100 3709
87 25 137 99 ³7²
172 23 176 32 '
406 39 430 75 c.
448 5 543 75 coar.
561 31 676 74 racrrr

87 123 199 189 ratisque
209 119 325 180 vexillis,
337 131 432 170 nomen
447 117 559 171 Vitellii
566 116 772 184 praeferentibus,
785 118 857 186 rapti
866 117 1021 188 postremo

88 192 212 262 pecunias,
223 203 250 242 et
259 195 323 242 inter
336 209 362 242 se
375 175 466 249 atalia,
476 189 603 240 hostiliter
612 202 724 256 egerant.
734 191 809 242 Unde
820 205 928 248 metus,
945 205 977 241 et
990 210 1021 242 ex

89 276 160 319 metu
172 267 324 316 consilium:
339 280 437 335 apuam
450 266 571 334 imputari
583 265 753 332 Veapasianp,
766 281 820 331 quae
832 265 907 333 apud
919 265 1021 317 Vitel-

88 342 154 390 lium
167 340 310 390 excusanda
327 351 399 388 mant
414 355 439 386 n.
452 339 492 387 Ita
503 350 555 387 tres
571 339 678 388 Mauricae
692 340 804 404 legiones
817 357 865 406 pet·
882 341 1018 406 epistolas
1042 361 1043 364 ¹

89 413 243 463 adliciebant
256 412 432 465 Pannonicum
444 413 600 469 exercitum,
613 403 790 462 rutabuuenti
802 414 856 462 rim
867 411 1017 478 parabant.

88 485 119 534 In
132 503 163 534 eo
176 498 249 535 motu
260 486 374 552 Aponius
385 484 554 546 Saturninus,
565 481 659 532 Moesia
672 494 772 550 rector,
784 485 934 551 pessimum
949 483 1018 533 iaci·

88 554 232 621 nusaualet,
241 562 318 610 misso
325 554 473 608 centurione
482 556 513 606 ad
520 555 726 606 interficiendum
735 558 850 608 Tertium
862 557 877 605 J
879 557 1018 619 ulianam,

90 633 204 698 septimae
214 633 321 698 legionis
331 633 442 698 legantem
448 666 457 694 ,
466 631 499 680 ob
509 631 664 690 simultates,
673 621 766 696 quibus
777 645 880 694 causam
890 630 1017 696 partium

87 701 271 770 praetendebat.
286 705 416 765 Julianus,
430 715 561 770 comperto
575 703 737 764 discrimine,
750 715 777 753 et
788 706 872 770 gnaris
887 704 1016 752 locorum

89 780 207 841 adscitis,
221 798 266 848 per
278 783 334 830 aria
347 765 454 840 Mosen,
471 781 538 830 ultra
550 791 665 830 montem
680 781 797 830 Haemum
811 777 952 844 profugit:
967 793 1016 826 nec

90 851 181 903 deinde
192 855 338 904 civilibello
349 851 478 914 interluit,
491 871 536 920 per
548 855 630 904 varias
641 871 726 904 morae
735 865 882 917 susceptum
892 851 928 900 ad
943 853 1015 925 Ves-

88 927 397 992 parianumitertrahens,
409 930 574 978 etesuuntiis
585 927 787 991 cunctabundus,
799 937 843 976 atat
852 941 1012 992 properans.

101 994 105 1000 ’
121 1001 270 1052 LXXXVI.
289 1003 324 1053 'At
336 1005 362 1051 in
371 1003 502 1053 Pannonii
514 1003 688 1064 tertiadecima
698 1005 776 1068 legio,
785 1019 814 1052 ac
823 1003 939 1067 septima
950 1001 1014 1050 Gal·

89 1077 181 1138 hlana,
201 1077 317 1128 dolorem
333 1080 446 1144 iramque
464 1079 639 1130 Bedriacensis
652 1096 741 1146 pugne
760 1080 921 1140 retinentes,
938 1075 1012 1125 haud

90 1162 240 1201 cunctanter
251 1152 410 1218 Vespasiano
423 1153 550 1203 accessdre
559 1189 566 1214 ,
576 1154 603 1203 ri
615 1151 742 1222 precipui
752 1151 833 1201 Primi
845 1150 973 1200 Antonii.
986 1148 1011 1234 lt

7 1237 8 1240 ’
88 1223 189 1288 legibus
208 1243 316 1288 nocens,
334 1238 360 1277 et
377 1239 491 1293 tempore
508 1227 619 1279 Neronis
637 1227 694 1278 lalsi
710 1227 857 1286 damnatus,
872 1227 944 1274 inter
962 1225 1012 1272 alta

88 1295 151 1345 belli
159 1299 234 1357 mala,
241 1296 397 1350 senatorium
406 1299 523 1350 ordinem
534 1304 728 1369 reciperarent.
737 1297 914 1368 Praepositusri
924 1296 1010 1346 Gatht

89 1373 203 1438 septime
213 1374 323 1440 legioni,
336 1373 489 1442 scriptitasse
504 1375 602 1426 Othoni
616 1376 780 1435 credebatur,
796 1374 888 1424 ducem
902 1390 932 1422 re
943 1390 1007 1439 par·

50 1442 53 1451 ¹
86 1445 160 1495 tibus
171 1430 291 1513 offerens,
303 1449 377 1514 eiquo
387 1449 533 1516 neglectus,
545 1451 571 1500 in
580 1451 652 1500 nullo
662 1449 803 1500 Othoniani
809 1449 870 1499 belli
877 1465 929 1498 usu
940 1447 1012 1496 suita

87 1517 235 1571 labantibus
246 1523 344 1572 Vitellii
357 1525 448 1581 rebus,
462 1524 646 1592 Vespasianum
658 1537 773 1582 secutur,
784 1523 877 1590 grande
886 1539 1006 1572 momen-

90 1601 148 1640 tum
168 1592 283 1658 addidit,
302 1607 421 1660 strenuus
436 1612 529 1655 manu,
548 1591 664 1647 sermone
680 1609 830 1664 promptus,
847 1593 961 1646 urende
979 1596 1006 1643 in

90 1663 154 1714 alios
167 1665 268 1714 invidia
282 1667 388 1724 artilex,
403 1667 539 1718 discordiis
551 1681 577 1718 et
589 1668 759 1718 seditionibus
775 1680 881 1734 potens,
897 1680 1006 1734 raptor,

89 1734 205 1799 largitor,
217 1752 280 1801 pace
290 1728 432 1802 pessimus,
443 1739 513 1796 bello
524 1757 577 1791 non
590 1741 756 1807 spernendus.
767 1742 854 1790 Juncti
862 1739 921 1790 inde
932 1741 1004 1790 Mre-

89 1808 137 1855 sici
152 1799 182 1856 ac
194 1807 334 1859 Pannonici
344 1812 471 1862 exercitus
483 1815 656 1864 Dalmaticum
668 1815 777 1864 militem
791 1815 902 1879 tranire,
916 1832 1003 1880 quan·

88 1895 167 1944 quam
179 1883 354 1931 consularibus
367 1883 458 1948 legatis
469 1885 535 1934 nihil
548 1887 720 1937 turbantibus.
731 1887 807 1940 Titus
816 1890 924 1956 Ampius
939 1889 1002 1938 Fla-

7 2007 9 2013 ,
87 1953 178 2002 vianna
191 1953 362 2017 Pannoniam,
379 1955 501 2024 Poppaeus
514 1960 633 2010 Silvanus
644 1963 799 2012 Dalmatiam
810 1963 946 2024 tenebant,
958 1963 1001 2014 di-

87 2027 153 2074 vites
160 2041 241 2076 senes.
251 2026 300 2076 Sed
307 2023 457 2094 procurator
466 2032 554 2082 aderat
563 2034 697 2088 Cornelius
705 2038 812 2101 Fuscus,
821 2040 908 2103 rigens
916 2049 999 2098 etam,

86 2097 164 2147 claris
182 2102 328 2150 natalibus:
344 2103 427 2170 priami
444 2105 565 2171 juventi,
583 2110 676 2173 quietis
691 2110 829 2176 cupidine,
843 2107 998 2162 senatorium
1042 2153 1043 2156 ,

84 2171 204 2221 ordinem
216 2163 346 2226 ehsuerat:
360 2169 429 2228 idem
436 2163 576 2256 praealbis
586 2182 637 2232 dux
646 2184 750 2234 coloniae
760 2192 809 2234 tuae
816 2223 824 2247 ,
833 2185 912 2250 elque
920 2188 996 2253 opera
1041 2159 1043 2210 1

85 2250 292 2312 procurationem
305 2249 421 2316 adeptus,
430 2259 553 2321 susceptis
563 2255 840 2324 Vespasiauipartibus,
848 2262 994 2312 acerrimam
1042 2265 1043 2270 ’

83 2318 156 2369 betto
179 2320 260 2370 lacem
277 2325 399 2390 praetulit,
425 2343 477 2376 non
501 2339 561 2377 taur
574 2333 685 2393 premiis
708 2333 895 2398 periculorum,
919 2334 995 2400 quim

84 2393 147 2458 ipsis
161 2393 281 2460 periculis
292 2397 363 2446 laetus
375 2417 381 2446 ε
394 2416 442 2466 pro
450 2403 542 2464 certis,
552 2413 579 2450 et
588 2405 650 2454 olim
662 2399 757 2472 partis,
769 2423 851 2470 nova,
863 2409 994 2474 ambigua,

86 2469 208 2535 ancipitia
224 2471 344 2536 malebat.
362 2474 443 2539 igitur
456 2492 561 2525 morere
579 2489 605 2526 et
619 2491 738 2543 quatere,
754 2479 877 2544 quidquid
891 2498 997 2546 usquam

86 2557 182 2608 aegrum
196 2541 278 2604 foret,
292 2545 484 2612 adgrediuntur.
496 2551 598 2618 Scripta
609 2551 634 2600 iu
647 2552 803 2602 Britanniam
818 2554 850 2602 ad
860 2558 996 2620 quartade-

6 2642 24 2680 4
84 2616 210 2675 cimanos,
219 2619 246 2667 in
255 2619 404 2685 Hispaniam
413 2623 445 2672 ad
452 2623 584 2691 primanos
595 2626 722 2691 epistolae;
733 2627 802 2692 qudd
815 2642 918 2694 utraque
929 2633 995 2698 legio

82 2704 131 2753 pro
152 2689 268 2756 Othone,
286 2693 390 2747 adversa
409 2699 516 2747 Vitellio
535 2698 640 2750 laterata
664 2716 816 2768 sparguntur
835 2721 881 2770 per
901 2705 996 2760 Gallias

83 2758 173 2810 litterae
180 2785 186 2826 3
197 2779 379 2835 momentoque
390 2774 514 2839 temporis
525 2774 647 2839 flagrabat
662 2776 750 2841 ingens
758 2779 873 2837 belluna,
887 2778 995 2844 Illyricis

84 2836 240 2888 exercitibus
248 2841 332 2904 palam
346 2843 560 2908 desciscentibus,
575 2848 666 2897 ceteris
679 2848 808 2900 fortunam
823 2855 955 2901 secuturis.
1042 2899 1043 2920 ,

115 2909 275 2959 LXXXVII.
292 2915 360 2962 Dum
372 2917 437 2979 haec,
449 2937 495 2984 per
507 2923 650 2984 provincias
660 2954 669 2980 ,
684 2921 699 2971 d
710 2925 866 2990 Vespasiano
878 2925 992 2978 ducibus·

82 2997 133 3048 que
144 2982 255 3048 partium
263 2985 409 3055 secuuntur,
431 2992 549 3043 Vitellius
569 2998 739 3063 contemptior
753 2998 781 3047 in
802 2998 855 3050 dies
878 3003 992 3066 segnior-

83 3073 148 3121 que,
160 3055 193 3105 ad
203 3071 290 3104 omues
306 3061 501 3127 municipiorum
513 3068 683 3134 villarumque
694 3073 851 3124 amoenitates
860 3075 989 3136 resistens,

83 3132 156 3194 gravi
178 3130 268 3179 urbem
288 3134 387 3198 agmine
405 3138 516 3202 petebat.
538 3143 672 3208 Sexaginta
690 3145 769 3194 millia
783 3160 939 3199 armatorum
949 3167 987 3201 st-

84 3203 240 3264 qoebantur,
257 3204 357 3255 licentii
373 3208 506 3277 corrupta:
525 3216 644 3265 calonum
661 3235 782 3269 numerus
796 3223 916 3288 amplior,
927 3241 985 3290 pro-

45 3292 49 3301 ¹
82 3274 218 3326 nomimis
227 3277 304 3328 etiam
312 3277 378 3334 inter
385 3299 470 3338 terrea
479 3286 588 3341 lixarum
597 3290 703 3358 ingentis
713 3311 719 3342 ι
731 3304 768 3348 tot
778 3295 919 3364 legatorum
930 3299 985 3352 ant
