2100 3709
499 9 504 28 ³
523 0 533 28 1
603 12 606 28 ··
639 2 676 41 τι
698 23 707 40 .
933 6 983 68 ²⁰7

42 75 183 132 deferret
191 117 199 142 ,
206 81 388 150 pervulgatum
398 99 452 132 esse
465 83 590 133 incestum
599 118 607 142 ,
617 84 742 148 gloriante
751 91 847 144 matre,
856 82 985 144 nercule..¹
998 138 1000 143 ,

43 165 171 208 ratruos
179 158 273 209 milites
280 157 379 224 profani
387 157 510 224 principis
517 149 670 224 inperiumo.
678 157 985 222 Fabiusllusticus.annn

12 281 21 290 ,
51 231 238 298 Agrippina,
253 229 404 304 sedileroni
413 231 530 296 cupitum
541 229 588 281 idn
600 242 741 286 memorat,
755 229 939 300 rejurdernque
949 238 985 286 li.

49 302 145 354 bertus
160 313 219 356 astu
238 303 409 366 disiectumuc
423 302 474 352 Sed
482 320 539 370 quae
554 304 674 364 Cluvius,
690 301 779 354 eadem
794 307 870 356 ceteri
883 325 985 376 quoqne

55 387 191 428 auctores
208 377 360 446 prodidfre,
375 388 401 426 et
420 375 487 428 fama
498 376 550 428 lruc
562 378 684 439 inclinat,
700 393 746 427 seu
763 372 881 446 concepit
896 384 983 436 enimn

60 461 175 501 tanturn
186 450 351 506 immanitatis
360 448 509 516 Agrippina,
517 466 562 501 seu
569 450 717 501 credibilior
725 465 798 500 nore
806 452 920 505 libidinis
929 473 987 507 rne-

57 525 163 576 ditatio
174 525 241 578 inei
250 525 304 574 vita
314 535 353 574 est
361 560 370 586 ,
377 539 431 590 quae
441 521 868 592 puellaribuaannisstuprumxe'um
877 529 986 595 Lepido,

60 616 112 668 spe
126 598 314 652 dominationis
320 605 333 661 ‚⁸
341 597 494 656 admiserat,
507 598 562 665 pari
573 596 695 664 cupidine
706 614 786 664 usque
797 598 830 648 ad
842 599 913 652 libita
926 601 986 654 Pal·

63 678 150 730 lantis
159 675 296 746 provoluto
308 713 314 736 ‚
328 688 355 728 et
363 678 472 728 exercita
482 676 514 726 erl
525 692 601 729 omne
609 677 736 743 flagitium
744 679 829 744 patrui
838 681 945 746 nuptiis.

98 751 155 804 111.
172 751 255 819 igitur
266 753 337 804 Nero
349 751 428 802 vitare
439 761 549 802 secretos
559 751 614 815 ejus
630 767 794 816 congressus:
808 753 987 806 abscedentem

43 836 49 844 '
64 826 93 876 in
106 825 210 888 hortos,
220 837 264 878 rut
271 826 454 890 Tusculanum,
463 827 504 876 vel
512 824 642 875 Antiatem
652 826 678 874 in
685 841 782 890 agnam,
790 827 905 888 lsudare,
914 827 990 900 quod

64 901 163 952 otium
180 899 332 955 lacesseret.
345 897 494 959 Postremo,
506 899 662 964 ubicumque
677 898 823 964 haberetur,
835 917 988 968 pregravurn

63 984 161 1034 rotare,
182 975 322 1024 interficere
339 973 493 1024 constituit:
512 969 636 1024 itaetmus
653 973 938 1035 consultaus,veneno,
949 993 988 1028 cn

59 1047 217 1119 serrn‚.ael
232 1051 293 1120 qud
309 1048 372 1102 atie
383 1050 428 1100 vi:
446 1047 593 1112 placuitque
607 1046 692 1112 primd
708 1063 843 1100 venenum.
861 1049 913 1099 Sed
924 1049 990 1099 inter

67 1121 168 1187 epulae
185 1121 308 1188 principis
324 1121 346 1170 ai
360 1117 475 1175 daretur,
488 1119 578 1170 referri
589 1119 623 1168 ad
638 1135 725 1169 casum
743 1137 795 1170 non
810 1133 928 1187 poterat,
945 1121 991 1171 teli

70 1193 128 1258 iam
137 1195 278 1244 Britannici
288 1193 367 1244 exitio
374 1212 381 1256 ;
389 1203 415 1242 et
424 1188 554 1241 ministros
562 1203 660 1242 tentare
669 1191 779 1258 arduunr
788 1195 923 1245 videbatur
931 1211 992 1244 mu·

69 1270 164 1331 lieris,
176 1287 224 1319 usu
236 1268 362 1318 scelerum
373 1263 496 1316 adversius
507 1264 612 1315 insidias
624 1268 741 1319 intentet
751 1281 826 1332 atque
835 1272 888 1336 ipsa
897 1285 993 1336 praeru-

71 1342 172 1394 mendo
182 1341 295 1390 remedia
302 1341 431 1388 munierat
439 1350 542 1404 corpus.
552 1337 662 1387 Ferrum
669 1351 696 1388 et
705 1339 783 1389 cedes
794 1357 904 1405 quonam
913 1339 992 1390 modo

75 1416 265 1470 occultaretur,
276 1429 352 1462 nemo
363 1409 505 1478 reperiebat
515 1427 522 1458 t
532 1420 567 1470 ct,
577 1427 608 1459 nc
619 1413 691 1477 quis,
701 1410 739 1458 illi
749 1423 820 1461 tanto
830 1413 932 1463 facinori
942 1411 991 1463 de·

74 1489 162 1541 lectus
172 1524 179 1545 ,
191 1487 259 1551 jussa
271 1495 400 1554 sperneret
411 1520 417 1537 ,
427 1481 680 1552 metuebathbtulit·
688 1483 818 1548 ingenium
827 1483 992 1536 Anicetusli-

75 1563 187 1620 bertus,
199 1560 273 1610 classi
282 1558 350 1626 apud
359 1558 485 1608 Misenum
496 1556 627 1624 prefectus
633 1593 643 1618 ,
655 1567 682 1605 et
689 1558 802 1623 pueritie
809 1557 916 1608 Neronis
924 1558 992 1610 cdue

78 1645 168 1696 cator,
178 1640 212 1682 'ac
229 1633 325 1682 mutuis
337 1631 405 1682 odiis
422 1631 569 1698 Agrippina
586 1630 692 1680 invisus.
709 1629 776 1694 Ergo
797 1646 906 1680 suavem
917 1645 992 1697 possa

77 1708 223 1774 componit
234 1705 308 1756 docet
317 1705 428 1768 ,uanius
437 1721 509 1770 pars,
520 1706 576 1770 ipso
586 1705 612 1754 iu
622 1705 686 1753 rnari
696 1721 743 1771 per
754 1715 833 1756 artem
841 1705 940 1762 soluta,
951 1704 992 1754 ef·

77 1779 201 1831 funderet
216 1780 327 1846 ignarum
339 1797 347 1828 t
358 1777 422 1828 nihil
434 1783 485 1828 tarn
497 1793 576 1844 capax
586 1777 769 1841 fortuitorum,
781 1779 857 1843 quim
872 1793 953 1838 roste,
964 1789 991 1828 et
1011 1773 1014 1778 ’

78 1855 102 1904 si
113 1853 248 1919 naufragio
261 1853 398 1920 intercepta
417 1853 464 1916 sit,
482 1867 558 1918 quern
575 1852 640 1902 adeo
653 1853 785 1916 iniquum,
798 1865 826 1903 ut
836 1852 924 1902 sceleri
940 1850 990 1902 ad·

81 1929 182 1994 signet,
195 1923 264 1990 quod
275 1926 346 1975 renti
361 1937 386 1977 et
397 1926 490 1974 fluctus
500 1923 673 1990 deliquerint?
684 1923 840 1976 Additurum
850 1926 990 1993 principem

81 1998 208 2049 defuncta
217 1999 359 2066 templum,
373 2010 398 2048 et
409 2012 480 2057 aras,
492 2009 517 2046 et
528 2011 611 2066 cetera
623 1996 781 2048 ostentanda
791 1999 911 2065 pictatia.

116 2072 165 2121 IV.
178 2072 289 2129 Placuit,
301 2072 421 2130 solertia,
439 2078 555 2135 tempore
566 2075 645 2120 etiam
661 2070 729 2133 juta,
740 2071 841 2135 quando
854 2071 990 2136 Quinqua-

82 2156 173 2196 truum
184 2145 262 2212 festos
276 2145 331 2195 dies
343 2143 411 2210 apud
424 2143 495 2192 Baias
509 2143 695 2208 frequentabat.
708 2143 773 2192 llluc
785 2154 894 2206 matrem
905 2144 989 2205 elicit,

76 2210 215 2290 sinodos
222 2229 372 2292 parentum
386 2217 566 2276 iracundias,
582 2226 610 2269 et
619 2214 791 2284 placandum
802 2217 922 2269 oninium
934 2217 991 2264 dic-

83 2295 180 2353 titans.
204 2294 256 2360 qud
279 2308 410 2344 rumorem
429 2289 644 2342 reconciliationis
662 2287 790 2347 efficeret,
815 2291 990 2355 reciperetque

84 2367 240 2434 Agrippina,
261 2367 326 2417 facili
338 2365 491 2416 feminarum
506 2363 657 2412 credulitate
671 2360 706 2408 ud
722 2362 823 2426 gaudia·
838 2362 991 2414 Venientem

84 2440 195 2503 dehinc,
209 2440 300 2490 obvius
316 2438 343 2487 in
358 2437 445 2486 littora
457 2434 621 2506 (uampAntio
635 2431 799 2498 adventabat)
811 2433 905 2499 excipit
914 2449 992 2483 mauu

86 2526 115 2564 et
130 2515 282 2580 complexu,
302 2511 425 2576 ducitque
436 2509 545 2560 Baulos:
560 2505 587 2555 id
602 2506 669 2555 villas
685 2520 781 2554 nomen
795 2515 849 2563 cst,
859 2521 914 2570 quas
930 2522 993 2572 pro.

86 2589 245 2640 montorium
256 2587 386 2638 Misenum
398 2587 465 2634 inter
479 2593 504 2632 et
515 2583 640 2633 Baianum
651 2581 751 2641 lacum,
763 2581 829 2630 flexo
841 2580 905 2629 mari
914 2579 995 2630 adlui-

87 2675 140 2715 tur.
150 2656 318 2720 Strlsatinter
328 2661 391 2710 alias
400 2660 471 2710 natis
481 2658 612 2720 ornatior,
624 2669 744 2722 tauquam
753 2653 780 2704 id
792 2657 893 2723 quoque
903 2653 995 2706 honori

88 2739 179 2791 matris
188 2737 306 2787 duretur:
322 2738 415 2804 quippe
426 2740 545 2784 sueverat
555 2733 671 2794 triremi,
685 2745 711 2781 ct
721 2731 906 2782 classiariorum
913 2731 994 2784 remi-

89 2811 215 2881 glovelli:
228 2828 257 2860 ac
269 2824 323 2860 tum
335 2811 442 2860 invitata
454 2808 487 2858 ad
499 2809 587 2874 epulas
597 2812 669 2866 erat,
682 2819 713 2857 ut
724 2805 877 2856 occultando
891 2803 1007 2855 facinori

88 2905 140 2938 nox
148 2885 325 2937 adhiberetur.
334 2885 399 2934 Satis
408 2882 534 2945 constitit,
543 2880 674 2931 exstitisse
682 2879 856 2948 proditorem,
867 2890 893 2928 et
900 2877 996 2944 Agrip·

90 2963 194 3030 pinum,
206 2959 299 3009 auditis
316 2959 431 3016 insidiis,
442 2974 475 3007 an
486 2955 601 3008 crederet
609 2955 767 3020 ambiguam,
779 2954 918 3018 gestamine
928 2951 996 2999 sellas

89 3035 163 3086 Baias
177 3045 330 3102 perrectum·
342 3033 380 3084 lbi
395 3031 600 3082 blandimentum
611 3028 755 3079 sublevavit
765 3040 877 3081 metum,
887 3024 995 3071 comiter

92 3123 211 3176 excepta,
228 3121 351 3177 nuperque
363 3109 446 3174 ipsum
459 3107 593 3156 collocata.
608 3104 673 3152 Nam
688 3102 803 3168 pluribus
820 3097 995 3155 sermonibus,

92 3184 171 3245 morlo
180 3184 348 3251 familiat‘pate
356 3181 463 3246 juvenili
472 3179 560 3238 Nero,
571 3189 598 3225 et
607 3193 694 3226 rursus
704 3172 839 3232 adductus,
847 3169 919 3234 quasi
930 3169 996 3220 seria

94 3259 264 3322 eontociaret,
279 3265 359 3318 muto
369 3256 513 3320 inlautum
523 3251 657 3310 convictu,
672 3245 835 3315 prosequitur
846 3244 996 3310 menatem,
