<?xml version="1.0" encoding="UTF-8"?>
<!DOCTYPE html PUBLIC "-//W3C//DTD XHTML 1.0 Transitional//EN"
    "http://www.w3.org/TR/xhtml1/DTD/xhtml1-transitional.dtd">
<html xmlns="http://www.w3.org/1999/xhtml" xml:lang="en" lang="en">
 <head>
  <title>
</title>
<meta http-equiv="Content-Type" content="text/html;charset=utf-8" />
  <meta name='ocr-system' content='tesseract 3.04.00' />
  <meta name='ocr-capabilities' content='ocr_page ocr_carea ocr_par ocr_line ocrx_word'/>
</head>
<body>
  <div class='ocr_page' id='page_1' title='image "./ccorntacitioper00brotgoog_0142.png"; bbox 0 0 2100 3709; ppageno 0'>
   <div class='ocr_carea' id='block_1_1' title="bbox 328 80 943 152">
    <p class='ocr_par' dir='ltr' id='par_1_1' title="bbox 328 80 943 152">
     <span class='ocr_line' id='line_1_1' title="bbox 328 80 943 152; baseline 0 -18"><span class='ocrx_word' id='word_1_1' title='bbox 328 94 515 134; x_wconf 78' lang='lat' dir='ltr'>suasnsurs.</span> <span class='ocrx_word' id='word_1_2' title='bbox 533 93 598 132; x_wconf 80' lang='lat' dir='ltr'>sss.</span> <span class='ocrx_word' id='word_1_3' title='bbox 616 95 659 133; x_wconf 86' lang='lat' dir='ltr'>vr.</span> <span class='ocrx_word' id='word_1_4' title='bbox 891 80 943 152; x_wconf 71' lang='lat'>159</span> 
     </span>
    </p>
   </div>
   <div class='ocr_carea' id='block_1_2' title="bbox 34 175 1043 3422">
    <p class='ocr_par' dir='ltr' id='par_1_2' title="bbox 34 175 1022 1582">
     <span class='ocr_line' id='line_1_2' title="bbox 65 175 943 240; baseline -0.023 0"><span class='ocrx_word' id='word_1_5' title='bbox 65 177 194 239; x_wconf 67' lang='lat' dir='ltr'>xxm</span> <span class='ocrx_word' id='word_1_6' title='bbox 211 178 318 234; x_wconf 88' lang='lat' dir='ltr'>Interim</span> <span class='ocrx_word' id='word_1_7' title='bbox 333 177 451 236; x_wconf 67' lang='lat' dir='ltr'>Orodem</span> <span class='ocrx_word' id='word_1_8' title='bbox 472 176 600 225; x_wconf 85' lang='lat' dir='ltr'>sociorum</span> <span class='ocrx_word' id='word_1_9' title='bbox 612 175 731 240; x_wconf 71' lang='lat' dir='ltr'>inopem,</span> <span class='ocrx_word' id='word_1_10' title='bbox 747 185 834 228; x_wconf 84' lang='lat' dir='ltr'>anetus</span> <span class='ocrx_word' id='word_1_11' title='bbox 845 176 943 226; x_wconf 65' lang='lat' dir='ltr'>anxilio</span> 
     </span>
     <span class='ocr_line' id='line_1_3' title="bbox 34 247 1022 331; baseline -0.019 -17"><span class='ocrx_word' id='word_1_12' title='bbox 34 261 220 331; x_wconf 70' lang='lat' dir='ltr'>Pharasmanes</span> <span class='ocrx_word' id='word_1_13' title='bbox 231 252 362 306; x_wconf 78' lang='lat' dir='ltr'>vocaread</span> <span class='ocrx_word' id='word_1_14' title='bbox 370 266 494 320; x_wconf 72' lang='lat' dir='ltr'>pugnam,</span> <span class='ocrx_word' id='word_1_15' title='bbox 503 262 529 298; x_wconf 86' lang='lat' dir='ltr'>et</span> <span class='ocrx_word' id='word_1_16' title='bbox 541 247 725 300; x_wconf 74' lang='lat' dir='ltr'>detrectantem</span> <span class='ocrx_word' id='word_1_17' title='bbox 738 249 873 307; x_wconf 85' lang='lat' dir='ltr'>incessere.</span> <span class='ocrx_word' id='word_1_18' title='bbox 886 248 944 298; x_wconf 87' lang='lat' dir='ltr'>ade·</span> <span class='ocrx_word' id='word_1_19' title='bbox 1016 291 1022 308; x_wconf 44' lang='grc' dir='ltr'><em>Ι</em></span> 
     </span>
     <span class='ocr_line' id='line_1_4' title="bbox 35 321 945 403; baseline -0.02 -16"><span class='ocrx_word' id='word_1_20' title='bbox 35 338 137 403; x_wconf 84' lang='lat' dir='ltr'>quitare</span> <span class='ocrx_word' id='word_1_21' title='bbox 149 333 254 388; x_wconf 87' lang='lat' dir='ltr'>castris,</span> <span class='ocrx_word' id='word_1_22' title='bbox 272 327 396 379; x_wconf 80' lang='lat' dir='ltr'>infensare</span> <span class='ocrx_word' id='word_1_23' title='bbox 411 325 517 391; x_wconf 64' lang='lat' dir='ltr'>pabulas</span> <span class='ocrx_word' id='word_1_24' title='bbox 536 339 564 374; x_wconf 92' lang='lat' dir='ltr'>ac</span> <span class='ocrx_word' id='word_1_25' title='bbox 578 339 660 388; x_wconf 79' lang='lat' dir='ltr'>sepe,</span> <span class='ocrx_word' id='word_1_26' title='bbox 673 323 700 371; x_wconf 85' lang='lat' dir='ltr'>iu</span> <span class='ocrx_word' id='word_1_27' title='bbox 712 321 816 372; x_wconf 87' lang='lat' dir='ltr'>modum</span> <span class='ocrx_word' id='word_1_28' title='bbox 834 321 945 386; x_wconf 73' lang='lat' dir='ltr'>obsidii,</span> 
     </span>
     <span class='ocr_line' id='line_1_5' title="bbox 36 396 967 470; baseline -0.019 -9"><span class='ocrx_word' id='word_1_29' title='bbox 36 409 194 461; x_wconf 82' lang='lat' dir='ltr'>stationibus</span> <span class='ocrx_word' id='word_1_30' title='bbox 205 405 341 470; x_wconf 76' lang='lat' dir='ltr'>cingebat:</span> <span class='ocrx_word' id='word_1_31' title='bbox 356 399 438 448; x_wconf 85' lang='lat' dir='ltr'>donec</span> <span class='ocrx_word' id='word_1_32' title='bbox 448 396 555 457; x_wconf 79' lang='lat' dir='ltr'>Parthi,</span> <span class='ocrx_word' id='word_1_33' title='bbox 570 397 782 448; x_wconf 84' lang='lat' dir='ltr'>contumeliarum</span> <span class='ocrx_word' id='word_1_34' title='bbox 793 397 928 446; x_wconf 72' lang='lat' dir='ltr'>insolentes</span> <span class='ocrx_word' id='word_1_35' title='bbox 938 427 946 454; x_wconf 87' lang='lat'>,</span> <span class='ocrx_word' id='word_1_36' title='bbox 965 409 967 414; x_wconf 77' lang='grc'>’</span> 
     </span>
     <span class='ocr_line' id='line_1_6' title="bbox 39 471 948 544; baseline -0.02 -8"><span class='ocrx_word' id='word_1_37' title='bbox 39 485 260 536; x_wconf 69' lang='lat' dir='ltr'>circumsisterent</span> <span class='ocrx_word' id='word_1_38' title='bbox 281 494 380 544; x_wconf 71' lang='lat' dir='ltr'>regem,</span> <span class='ocrx_word' id='word_1_39' title='bbox 399 485 532 543; x_wconf 86' lang='lat' dir='ltr'>poscerent</span> <span class='ocrx_word' id='word_1_40' title='bbox 551 474 664 538; x_wconf 75' lang='lat' dir='ltr'>prelium</span> <span class='ocrx_word' id='word_1_41' title='bbox 678 492 684 522; x_wconf 81' lang='lat' dir='ltr'>r</span> <span class='ocrx_word' id='word_1_42' title='bbox 696 485 770 537; x_wconf 87' lang='lat' dir='ltr'>atque</span> <span class='ocrx_word' id='word_1_43' title='bbox 785 473 835 521; x_wconf 87' lang='lat' dir='ltr'>illia</span> <span class='ocrx_word' id='word_1_44' title='bbox 853 471 948 522; x_wconf 82' lang='lat' dir='ltr'>soleio</span> 
     </span>
     <span class='ocr_line' id='line_1_7' title="bbox 36 546 959 627; baseline -0.023 -14"><span class='ocrx_word' id='word_1_45' title='bbox 36 562 189 627; x_wconf 80' lang='lat' dir='ltr'>equitetis5</span> <span class='ocrx_word' id='word_1_46' title='bbox 200 558 383 607; x_wconf 68' lang='lat' dir='ltr'>Pharasmanes</span> <span class='ocrx_word' id='word_1_47' title='bbox 391 565 417 601; x_wconf 86' lang='lat' dir='ltr'>et</span> <span class='ocrx_word' id='word_1_48' title='bbox 428 550 515 617; x_wconf 87' lang='lat' dir='ltr'>pedite</span> <span class='ocrx_word' id='word_1_49' title='bbox 524 549 637 598; x_wconf 77' lang='lat' dir='ltr'>ualebat.</span> <span class='ocrx_word' id='word_1_50' title='bbox 648 549 713 598; x_wconf 87' lang='lat' dir='ltr'>Nem</span> <span class='ocrx_word' id='word_1_51' title='bbox 725 549 790 598; x_wconf 89' lang='lat' dir='ltr'>Iberi</span> <span class='ocrx_word' id='word_1_52' title='bbox 798 546 959 608; x_wconf 66' lang='lat' dir='ltr'>Albanique,</span> 
     </span>
     <span class='ocr_line' id='line_1_8' title="bbox 41 618 949 690; baseline -0.018 -6"><span class='ocrx_word' id='word_1_53' title='bbox 41 637 168 687; x_wconf 89' lang='lat' dir='ltr'>saltuosos</span> <span class='ocrx_word' id='word_1_54' title='bbox 176 634 249 682; x_wconf 91' lang='lat' dir='ltr'>locos</span> <span class='ocrx_word' id='word_1_55' title='bbox 259 630 414 690; x_wconf 84' lang='lat' dir='ltr'>incolentes,</span> <span class='ocrx_word' id='word_1_56' title='bbox 427 625 526 675; x_wconf 82' lang='lat' dir='ltr'>duritiae</span> <span class='ocrx_word' id='word_1_57' title='bbox 535 625 710 689; x_wconf 68' lang='lat' dir='ltr'>periturisque</span> <span class='ocrx_word' id='word_1_58' title='bbox 718 623 798 688; x_wconf 76' lang='lat' dir='ltr'>magis</span> <span class='ocrx_word' id='word_1_59' title='bbox 811 618 949 670; x_wconf 76' lang='lat' dir='ltr'>insuerbre·</span> 
     </span>
     <span class='ocr_line' id='line_1_9' title="bbox 42 697 953 772; baseline -0.022 -13"><span class='ocrx_word' id='word_1_60' title='bbox 42 707 190 772; x_wconf 79' lang='lat' dir='ltr'>Feruntque</span> <span class='ocrx_word' id='word_1_61' title='bbox 206 721 254 755; x_wconf 86' lang='lat' dir='ltr'>ass</span> <span class='ocrx_word' id='word_1_62' title='bbox 262 701 391 752; x_wconf 84' lang='lat' dir='ltr'>Thessalis</span> <span class='ocrx_word' id='word_1_63' title='bbox 401 710 485 756; x_wconf 86' lang='lat' dir='ltr'>ortos,</span> <span class='ocrx_word' id='word_1_64' title='bbox 496 697 703 763; x_wconf 79' lang='lat' dir='ltr'>qud-tempestate</span> <span class='ocrx_word' id='word_1_65' title='bbox 712 697 797 754; x_wconf 83' lang='lat' dir='ltr'>lason,</span> <span class='ocrx_word' id='word_1_66' title='bbox 810 706 870 760; x_wconf 88' lang='lat' dir='ltr'>post</span> <span class='ocrx_word' id='word_1_67' title='bbox 878 705 953 741; x_wconf 80' lang='lat' dir='ltr'>avec·</span> 
     </span>
     <span class='ocr_line' id='line_1_10' title="bbox 44 768 953 842; baseline -0.02 -11"><span class='ocrx_word' id='word_1_68' title='bbox 44 794 99 831; x_wconf 87' lang='lat' dir='ltr'>tarra</span> <span class='ocrx_word' id='word_1_69' title='bbox 115 780 250 836; x_wconf 79' lang='lat' dir='ltr'>Medeam,</span> <span class='ocrx_word' id='word_1_70' title='bbox 265 777 413 842; x_wconf 73' lang='lat' dir='ltr'>genitosque</span> <span class='ocrx_word' id='word_1_71' title='bbox 434 789 464 819; x_wconf 83' lang='lat' dir='ltr'>err</span> <span class='ocrx_word' id='word_1_72' title='bbox 481 771 511 819; x_wconf 69' lang='lat' dir='ltr'>ed</span> <span class='ocrx_word' id='word_1_73' title='bbox 530 771 640 832; x_wconf 87' lang='lat' dir='ltr'>liberos,</span> <span class='ocrx_word' id='word_1_74' title='bbox 662 772 764 820; x_wconf 87' lang='lat' dir='ltr'>inanem</span> <span class='ocrx_word' id='word_1_75' title='bbox 779 786 839 818; x_wconf 86' lang='lat' dir='ltr'>mor</span> <span class='ocrx_word' id='word_1_76' title='bbox 859 768 953 832; x_wconf 79' lang='lat' dir='ltr'>regiam</span> 
     </span>
     <span class='ocr_line' id='line_1_11' title="bbox 45 839 955 912; baseline -0.019 -9"><span class='ocrx_word' id='word_1_77' title='bbox 45 854 133 912; x_wconf 79' lang='lat' dir='ltr'>AEete,</span> <span class='ocrx_word' id='word_1_78' title='bbox 146 864 290 912; x_wconf 81' lang='lat' dir='ltr'>vacuosque</span> <span class='ocrx_word' id='word_1_79' title='bbox 302 845 413 897; x_wconf 82' lang='lat' dir='ltr'>Colchos</span> <span class='ocrx_word' id='word_1_80' title='bbox 422 844 571 910; x_wconf 78' lang='lat' dir='ltr'>repetivitr).</span> <span class='ocrx_word' id='word_1_81' title='bbox 585 843 718 908; x_wconf 84' lang='lat' dir='ltr'>Multaque</span> <span class='ocrx_word' id='word_1_82' title='bbox 729 842 759 890; x_wconf 82' lang='lat' dir='ltr'>sle</span> <span class='ocrx_word' id='word_1_83' title='bbox 770 843 873 890; x_wconf 89' lang='lat' dir='ltr'>nomine</span> <span class='ocrx_word' id='word_1_84' title='bbox 885 839 955 903; x_wconf 87' lang='lat' dir='ltr'>ejus,</span> 
     </span>
     <span class='ocr_line' id='line_1_12' title="bbox 44 913 954 984; baseline -0.021 -6"><span class='ocrx_word' id='word_1_85' title='bbox 44 940 75 978; x_wconf 61' lang='lat' dir='ltr'>et*</span> <span class='ocrx_word' id='word_1_86' title='bbox 81 927 214 984; x_wconf 85' lang='lat' dir='ltr'>oraculum</span> <span class='ocrx_word' id='word_1_87' title='bbox 226 920 463 973; x_wconf 82' lang='lat' dir='ltr'>Phrixioelebrant:</span> <span class='ocrx_word' id='word_1_88' title='bbox 476 934 524 966; x_wconf 89' lang='lat' dir='ltr'>nec</span> <span class='ocrx_word' id='word_1_89' title='bbox 536 919 667 982; x_wconf 87' lang='lat' dir='ltr'>quisquam</span> <span class='ocrx_word' id='word_1_90' title='bbox 678 921 755 967; x_wconf 85' lang='lat' dir='ltr'>ariete</span> <span class='ocrx_word' id='word_1_91' title='bbox 766 913 954 968; x_wconf 79' lang='lat' dir='ltr'>sacrificaverit,</span> 
     </span>
     <span class='ocr_line' id='line_1_13' title="bbox 44 987 954 1054; baseline -0.016 -4"><span class='ocrx_word' id='word_1_92' title='bbox 44 1002 142 1052; x_wconf 82' lang='lat' dir='ltr'>credito</span> <span class='ocrx_word' id='word_1_93' title='bbox 156 1000 255 1051; x_wconf 83' lang='lat' dir='ltr'>texisse</span> <span class='ocrx_word' id='word_1_94' title='bbox 264 996 388 1045; x_wconf 76' lang='lat' dir='ltr'>Phrixum</span> <span class='ocrx_word' id='word_1_95' title='bbox 400 1012 406 1044; x_wconf 73' lang='grc' dir='ltr'><strong><em>ε</em></strong></span> <span class='ocrx_word' id='word_1_96' title='bbox 420 994 473 1042; x_wconf 85' lang='lat' dir='ltr'>sire</span> <span class='ocrx_word' id='word_1_97' title='bbox 484 992 511 1041; x_wconf 94' lang='lat' dir='ltr'>id</span> <span class='ocrx_word' id='word_1_98' title='bbox 521 994 617 1042; x_wconf 85' lang='lat' dir='ltr'>animal</span> <span class='ocrx_word' id='word_1_99' title='bbox 627 1030 634 1051; x_wconf 89' lang='lat'>,</span> <span class='ocrx_word' id='word_1_100' title='bbox 645 1010 687 1042; x_wconf 87' lang='lat' dir='ltr'>serr</span> <span class='ocrx_word' id='word_1_101' title='bbox 700 994 770 1042; x_wconf 79' lang='lat' dir='ltr'>nasis</span> <span class='ocrx_word' id='word_1_102' title='bbox 783 993 880 1054; x_wconf 77' lang='lat' dir='ltr'>insigne</span> <span class='ocrx_word' id='word_1_103' title='bbox 896 987 954 1038; x_wconf 80' lang='lat' dir='ltr'>tuit.</span> 
     </span>
     <span class='ocr_line' id='line_1_14' title="bbox 45 1064 956 1133; baseline -0.016 -9"><span class='ocrx_word' id='word_1_104' title='bbox 45 1074 166 1126; x_wconf 84' lang='lat' dir='ltr'>Ceterirnr</span> <span class='ocrx_word' id='word_1_105' title='bbox 177 1110 184 1131; x_wconf 92' lang='lat'>,</span> <span class='ocrx_word' id='word_1_106' title='bbox 195 1070 292 1120; x_wconf 72' lang='lat' dir='ltr'>directi</span> <span class='ocrx_word' id='word_1_107' title='bbox 304 1069 432 1133; x_wconf 81' lang='lat' dir='ltr'>utrimque</span> <span class='ocrx_word' id='word_1_108' title='bbox 444 1067 513 1126; x_wconf 86' lang='lat' dir='ltr'>acie,</span> <span class='ocrx_word' id='word_1_109' title='bbox 525 1066 636 1116; x_wconf 87' lang='lat' dir='ltr'>Parthus</span> <span class='ocrx_word' id='word_1_110' title='bbox 652 1067 811 1122; x_wconf 72' lang='lat' dir='ltr'>«imperinm</span> <span class='ocrx_word' id='word_1_111' title='bbox 823 1064 956 1120; x_wconf 82' lang='lat' dir='ltr'>Orientis,</span> 
     </span>
     <span class='ocr_line' id='line_1_15' title="bbox 46 1139 952 1204; baseline -0.018 -7"><span class='ocrx_word' id='word_1_112' title='bbox 46 1146 225 1196; x_wconf 76' lang='lat' dir='ltr'>claritudinem</span> <span class='ocrx_word' id='word_1_113' title='bbox 237 1139 432 1197; x_wconf 85' lang='lat' dir='ltr'>Arsacidarum,</span> <span class='ocrx_word' id='word_1_114' title='bbox 442 1151 579 1202; x_wconf 79' lang='lat' dir='ltr'>contraque</span> <span class='ocrx_word' id='word_1_115' title='bbox 596 1139 732 1204; x_wconf 81' lang='lat' dir='ltr'>ignobilem</span> <span class='ocrx_word' id='word_1_116' title='bbox 742 1139 844 1188; x_wconf 88' lang='lat' dir='ltr'>Iberum</span> <span class='ocrx_word' id='word_1_117' title='bbox 855 1151 952 1183; x_wconf 83' lang='lat' dir='ltr'>meree·</span> 
     </span>
     <span class='ocr_line' id='line_1_16' title="bbox 44 1210 951 1278; baseline -0.013 -8"><span class='ocrx_word' id='word_1_118' title='bbox 44 1221 120 1270; x_wconf 86' lang='lat' dir='ltr'>nario</span> <span class='ocrx_word' id='word_1_119' title='bbox 133 1221 248 1275; x_wconf 75' lang='lat' dir='ltr'>militer,</span> <span class='ocrx_word' id='word_1_120' title='bbox 264 1214 415 1265; x_wconf 84' lang='lat' dir='ltr'>disserebat.</span> <span class='ocrx_word' id='word_1_121' title='bbox 430 1210 610 1260; x_wconf 69' lang='lat' dir='ltr'>Pharasmanes</span> <span class='ocrx_word' id='word_1_122' title='bbox 630 1213 761 1278; x_wconf 73' lang='lat' dir='ltr'>ointegros</span> <span class='ocrx_word' id='word_1_123' title='bbox 771 1211 873 1262; x_wconf 73' lang='lat' dir='ltr'>semeth</span> <span class='ocrx_word' id='word_1_124' title='bbox 883 1212 951 1260; x_wconf 88' lang='lat' dir='ltr'>Par-</span> 
     </span>
     <span class='ocr_line' id='line_1_17' title="bbox 49 1283 959 1352; baseline -0.012 -10"><span class='ocrx_word' id='word_1_125' title='bbox 49 1292 119 1344; x_wconf 86' lang='lat' dir='ltr'>thico</span> <span class='ocrx_word' id='word_1_126' title='bbox 134 1293 284 1348; x_wconf 66' lang='lat' dir='ltr'>dominatu,</span> <span class='ocrx_word' id='word_1_127' title='bbox 297 1283 392 1352; x_wconf 81' lang='lat' dir='ltr'>qusntb</span> <span class='ocrx_word' id='word_1_128' title='bbox 407 1285 502 1347; x_wconf 75' lang='lat' dir='ltr'>majora</span> <span class='ocrx_word' id='word_1_129' title='bbox 512 1293 642 1348; x_wconf 85' lang='lat' dir='ltr'>peterent,</span> <span class='ocrx_word' id='word_1_130' title='bbox 657 1287 713 1349; x_wconf 88' lang='lat' dir='ltr'>plus</span> <span class='ocrx_word' id='word_1_131' title='bbox 725 1286 820 1334; x_wconf 79' lang='lat' dir='ltr'>deensis</span> <span class='ocrx_word' id='word_1_132' title='bbox 833 1287 959 1340; x_wconf 71' lang='lat' dir='ltr'>victores,</span> 
     </span>
     <span class='ocr_line' id='line_1_18' title="bbox 48 1355 958 1431; baseline -0.019 -14"><span class='ocrx_word' id='word_1_133' title='bbox 48 1379 106 1431; x_wconf 88' lang='lat' dir='ltr'>sut,</span> <span class='ocrx_word' id='word_1_134' title='bbox 115 1368 138 1417; x_wconf 90' lang='lat' dir='ltr'>si</span> <span class='ocrx_word' id='word_1_135' title='bbox 145 1378 217 1431; x_wconf 72' lang='lat' dir='ltr'>terga</span> <span class='ocrx_word' id='word_1_136' title='bbox 231 1363 339 1418; x_wconf 84' lang='lat' dir='ltr'>darent,</span> <span class='ocrx_word' id='word_1_137' title='bbox 351 1358 442 1420; x_wconf 77' lang='lat' dir='ltr'>flagitii</span> <span class='ocrx_word' id='word_1_138' title='bbox 453 1367 528 1418; x_wconf 88' lang='lat' dir='ltr'>atque</span> <span class='ocrx_word' id='word_1_139' title='bbox 540 1356 647 1416; x_wconf 85' lang='lat' dir='ltr'>periculi</span> <span class='ocrx_word' id='word_1_140' title='bbox 657 1356 774 1405; x_wconf 84' lang='lat' dir='ltr'>laturoso</span> <span class='ocrx_word' id='word_1_141' title='bbox 785 1375 790 1403; x_wconf 90' lang='lat'><strong>:</strong></span> <span class='ocrx_word' id='word_1_142' title='bbox 806 1357 881 1404; x_wconf 83' lang='lat' dir='ltr'>simul</span> <span class='ocrx_word' id='word_1_143' title='bbox 892 1355 958 1402; x_wconf 84' lang='lat' dir='ltr'>lior-</span> 
     </span>
     <span class='ocr_line' id='line_1_19' title="bbox 48 1425 959 1494; baseline -0.012 -8"><span class='ocrx_word' id='word_1_144' title='bbox 48 1437 129 1488; x_wconf 89' lang='lat' dir='ltr'>ridans</span> <span class='ocrx_word' id='word_1_145' title='bbox 139 1452 249 1486; x_wconf 86' lang='lat' dir='ltr'>suornm</span> <span class='ocrx_word' id='word_1_146' title='bbox 260 1435 357 1490; x_wconf 86' lang='lat' dir='ltr'>aciem,</span> <span class='ocrx_word' id='word_1_147' title='bbox 367 1432 437 1494; x_wconf 89' lang='lat' dir='ltr'>picta</span> <span class='ocrx_word' id='word_1_148' title='bbox 447 1443 510 1475; x_wconf 85' lang='lat' dir='ltr'>auro</span> <span class='ocrx_word' id='word_1_149' title='bbox 525 1425 663 1476; x_wconf 82' lang='lat' dir='ltr'>Medorum</span> <span class='ocrx_word' id='word_1_150' title='bbox 673 1429 787 1491; x_wconf 67' lang='lat' dir='ltr'>agmins,</span> <span class='ocrx_word' id='word_1_151' title='bbox 797 1427 857 1476; x_wconf 87' lang='lat' dir='ltr'>hinc</span> <span class='ocrx_word' id='word_1_152' title='bbox 874 1429 959 1485; x_wconf 84' lang='lat' dir='ltr'>risos,</span> 
     </span>
     <span class='ocr_line' id='line_1_20' title="bbox 49 1506 747 1582; baseline -0.026 -20"><span class='ocrx_word' id='word_1_153' title='bbox 49 1513 108 1564; x_wconf 87' lang='lat' dir='ltr'>inde</span> <span class='ocrx_word' id='word_1_154' title='bbox 117 1513 230 1582; x_wconf 70' lang='lat' dir='ltr'>predam</span> <span class='ocrx_word' id='word_1_155' title='bbox 243 1506 386 1558; x_wconf 86' lang='lat' dir='ltr'>ostendere.</span> <span class='ocrx_word' id='word_1_156' title='bbox 656 1553 660 1556; x_wconf 44' lang='grc'>,</span> <span class='ocrx_word' id='word_1_157' title='bbox 745 1507 747 1514; x_wconf 93' lang='grc'><strong><em>·</em></strong></span> 
     </span>
    </p>

    <p class='ocr_par' dir='ltr' id='par_1_3' title="bbox 49 1573 1021 2752">
     <span class='ocr_line' id='line_1_21' title="bbox 83 1573 962 1644; baseline -0.018 -6"><span class='ocrx_word' id='word_1_158' title='bbox 83 1587 196 1637; x_wconf 81' lang='lat' dir='ltr'>XXXV.</span> <span class='ocrx_word' id='word_1_159' title='bbox 214 1582 357 1634; x_wconf 80' lang='lat' dir='ltr'>Enimvero</span> <span class='ocrx_word' id='word_1_160' title='bbox 368 1576 435 1644; x_wconf 87' lang='lat' dir='ltr'>apud</span> <span class='ocrx_word' id='word_1_161' title='bbox 445 1578 570 1626; x_wconf 86' lang='lat' dir='ltr'>Sarmatas</span> <span class='ocrx_word' id='word_1_162' title='bbox 579 1591 632 1623; x_wconf 87' lang='lat' dir='ltr'>non</span> <span class='ocrx_word' id='word_1_163' title='bbox 644 1589 694 1637; x_wconf 80' lang='lat' dir='ltr'>oua</span> <span class='ocrx_word' id='word_1_164' title='bbox 702 1591 751 1625; x_wconf 81' lang='lat' dir='ltr'>ror</span> <span class='ocrx_word' id='word_1_165' title='bbox 762 1574 834 1624; x_wconf 86' lang='lat' dir='ltr'>ducis</span> <span class='ocrx_word' id='word_1_166' title='bbox 843 1591 849 1621; x_wconf 75' lang='grc' dir='ltr'><strong>ι</strong></span> <span class='ocrx_word' id='word_1_167' title='bbox 859 1589 885 1623; x_wconf 85' lang='lat' dir='ltr'>se</span> <span class='ocrx_word' id='word_1_168' title='bbox 893 1573 962 1638; x_wconf 85' lang='lat' dir='ltr'>quit-</span> 
     </span>
     <span class='ocr_line' id='line_1_22' title="bbox 55 1645 964 1728; baseline -0.02 -16"><span class='ocrx_word' id='word_1_169' title='bbox 55 1670 102 1728; x_wconf 76' lang='lat' dir='ltr'>‘qne</span> <span class='ocrx_word' id='word_1_170' title='bbox 110 1660 257 1718; x_wconf 86' lang='lat' dir='ltr'>stimulant,</span> <span class='ocrx_word' id='word_1_171' title='bbox 269 1671 322 1705; x_wconf 86' lang='lat' dir='ltr'>sne</span> <span class='ocrx_word' id='word_1_172' title='bbox 332 1669 444 1720; x_wconf 78' lang='lat' dir='ltr'>pugnam</span> <span class='ocrx_word' id='word_1_173' title='bbox 453 1667 499 1718; x_wconf 82' lang='lat' dir='ltr'>per</span> <span class='ocrx_word' id='word_1_174' title='bbox 508 1653 611 1714; x_wconf 71' lang='lat' dir='ltr'>sagittas</span> <span class='ocrx_word' id='word_1_175' title='bbox 621 1652 730 1717; x_wconf 75' lang='lat' dir='ltr'>inirent3</span> <span class='ocrx_word' id='word_1_176' title='bbox 742 1652 839 1716; x_wconf 88' lang='lat' dir='ltr'>impetu</span> <span class='ocrx_word' id='word_1_177' title='bbox 849 1661 874 1696; x_wconf 87' lang='lat' dir='ltr'>et</span> <span class='ocrx_word' id='word_1_178' title='bbox 883 1645 964 1696; x_wconf 86' lang='lat' dir='ltr'>corni·</span> 
     </span>
     <span class='ocr_line' id='line_1_23' title="bbox 52 1719 964 1802; baseline -0.018 -16"><span class='ocrx_word' id='word_1_179' title='bbox 52 1753 98 1785; x_wconf 88' lang='lat' dir='ltr'>nus</span> <span class='ocrx_word' id='word_1_180' title='bbox 105 1729 312 1802; x_wconf 69' lang='lat' dir='ltr'>pruveniensium</span> <span class='ocrx_word' id='word_1_181' title='bbox 321 1745 348 1777; x_wconf 82' lang='lat' dir='ltr'>u.</span> <span class='ocrx_word' id='word_1_182' title='bbox 362 1728 443 1775; x_wconf 81' lang='lat' dir='ltr'>Variae</span> <span class='ocrx_word' id='word_1_183' title='bbox 452 1725 512 1774; x_wconf 87' lang='lat' dir='ltr'>hino</span> <span class='ocrx_word' id='word_1_184' title='bbox 521 1724 672 1773; x_wconf 83' lang='lat' dir='ltr'>bellantium</span> <span class='ocrx_word' id='word_1_185' title='bbox 684 1725 793 1790; x_wconf 67' lang='lat' dir='ltr'>species,</span> <span class='ocrx_word' id='word_1_186' title='bbox 806 1738 885 1790; x_wconf 86' lang='lat' dir='ltr'>quum</span> <span class='ocrx_word' id='word_1_187' title='bbox 899 1719 964 1770; x_wconf 88' lang='lat' dir='ltr'>Par·</span> 
     </span>
     <span class='ocr_line' id='line_1_24' title="bbox 49 1785 963 1873; baseline -0.019 -13"><span class='ocrx_word' id='word_1_188' title='bbox 49 1804 108 1860; x_wconf 71' lang='lat' dir='ltr'>&#39;thus</span> <span class='ocrx_word' id='word_1_189' title='bbox 116 1808 192 1873; x_wconf 86' lang='lat' dir='ltr'>sequi</span> <span class='ocrx_word' id='word_1_190' title='bbox 201 1806 242 1853; x_wconf 85' lang='lat' dir='ltr'>vel</span> <span class='ocrx_word' id='word_1_191' title='bbox 253 1803 460 1869; x_wconf 75' lang='lat' dir='ltr'>fugereparisrte</span> <span class='ocrx_word' id='word_1_192' title='bbox 468 1812 566 1858; x_wconf 86' lang='lat' dir='ltr'>suetus,</span> <span class='ocrx_word' id='word_1_193' title='bbox 578 1799 731 1850; x_wconf 78' lang='lat' dir='ltr'>distraheret</span> <span class='ocrx_word' id='word_1_194' title='bbox 739 1814 845 1858; x_wconf 83' lang='lat' dir='ltr'>turmas,</span> <span class='ocrx_word' id='word_1_195' title='bbox 853 1785 963 1863; x_wconf 73' lang='lat' dir='ltr'>spitimir</span> 
     </span>
     <span class='ocr_line' id='line_1_25' title="bbox 55 1872 1021 1954; baseline -0.02 -18"><span class='ocrx_word' id='word_1_196' title='bbox 55 1888 147 1941; x_wconf 75' lang='lat' dir='ltr'>ictibus</span> <span class='ocrx_word' id='word_1_197' title='bbox 164 1890 303 1947; x_wconf 73' lang='lat' dir='ltr'>quareret3</span> <span class='ocrx_word' id='word_1_198' title='bbox 320 1879 451 1954; x_wconf 75' lang='lat' dir='ltr'>Sarmatas,</span> <span class='ocrx_word' id='word_1_199' title='bbox 467 1877 563 1926; x_wconf 86' lang='lat' dir='ltr'>omisso</span> <span class='ocrx_word' id='word_1_200' title='bbox 578 1892 650 1933; x_wconf 88' lang='lat' dir='ltr'>arcu,</span> <span class='ocrx_word' id='word_1_201' title='bbox 669 1893 720 1944; x_wconf 90' lang='lat' dir='ltr'>qno</span> <span class='ocrx_word' id='word_1_202' title='bbox 739 1872 843 1925; x_wconf 79' lang='lat' dir='ltr'>breviis</span> <span class='ocrx_word' id='word_1_203' title='bbox 858 1873 962 1932; x_wconf 86' lang='lat' dir='ltr'>valent,</span> <span class='ocrx_word' id='word_1_204' title='bbox 1012 1904 1021 1912; x_wconf 82' lang='lat'><em>.</em></span> 
     </span>
     <span class='ocr_line' id='line_1_26' title="bbox 53 1945 966 2022; baseline -0.019 -15"><span class='ocrx_word' id='word_1_205' title='bbox 53 1960 136 2011; x_wconf 74' lang='lat' dir='ltr'>sontis</span> <span class='ocrx_word' id='word_1_206' title='bbox 146 1955 287 2022; x_wconf 71' lang='lat' dir='ltr'>gladiisque</span> <span class='ocrx_word' id='word_1_207' title='bbox 297 1962 401 2000; x_wconf 85' lang='lat' dir='ltr'>ruerent</span> <span class='ocrx_word' id='word_1_208' title='bbox 413 1967 420 1999; x_wconf 88' lang='lat'><strong>:</strong></span> <span class='ocrx_word' id='word_1_209' title='bbox 434 1950 512 2000; x_wconf 74' lang='lat' dir='ltr'>modo</span> <span class='ocrx_word' id='word_1_210' title='bbox 524 1952 646 2016; x_wconf 86' lang='lat' dir='ltr'>equestris</span> <span class='ocrx_word' id='word_1_211' title='bbox 658 1951 737 2016; x_wconf 73' lang='lat' dir='ltr'>prelii</span> <span class='ocrx_word' id='word_1_212' title='bbox 746 1965 831 2008; x_wconf 87' lang='lat' dir='ltr'>more,</span> <span class='ocrx_word' id='word_1_213' title='bbox 840 1945 930 1996; x_wconf 77' lang='lat' dir='ltr'>frontis</span> <span class='ocrx_word' id='word_1_214' title='bbox 939 1953 966 1998; x_wconf 86' lang='lat' dir='ltr'>et</span> 
     </span>
     <span class='ocr_line' id='line_1_27' title="bbox 52 2022 964 2100; baseline -0.022 -15"><span class='ocrx_word' id='word_1_215' title='bbox 52 2036 113 2100; x_wconf 78' lang='lat' dir='ltr'>tergi</span> <span class='ocrx_word' id='word_1_216' title='bbox 122 2035 191 2085; x_wconf 82' lang='lat' dir='ltr'>vices</span> <span class='ocrx_word' id='word_1_217' title='bbox 201 2025 355 2093; x_wconf 61' lang='lat' dir='ltr'>,aliquando</span> <span class='ocrx_word' id='word_1_218' title='bbox 367 2063 374 2084; x_wconf 90' lang='lat'>,</span> <span class='ocrx_word' id='word_1_219' title='bbox 389 2037 418 2074; x_wconf 90' lang='lat' dir='ltr'>ut</span> <span class='ocrx_word' id='word_1_220' title='bbox 426 2026 539 2075; x_wconf 83' lang='lat' dir='ltr'>conlecta</span> <span class='ocrx_word' id='word_1_221' title='bbox 550 2027 632 2081; x_wconf 86' lang='lat' dir='ltr'>ecies,</span> <span class='ocrx_word' id='word_1_222' title='bbox 643 2026 792 2090; x_wconf 82' lang='lat' dir='ltr'>corporibus</span> <span class='ocrx_word' id='word_1_223' title='bbox 803 2035 828 2072; x_wconf 90' lang='lat' dir='ltr'>et</span> <span class='ocrx_word' id='word_1_224' title='bbox 837 2022 912 2089; x_wconf 88' lang='lat' dir='ltr'>pulsu</span> <span class='ocrx_word' id='word_1_225' title='bbox 922 2035 964 2066; x_wconf 86' lang='lat' dir='ltr'>ar-</span> 
     </span>
     <span class='ocr_line' id='line_1_28' title="bbox 52 2097 964 2171; baseline -0.015 -18"><span class='ocrx_word' id='word_1_226' title='bbox 52 2123 152 2158; x_wconf 81' lang='lat' dir='ltr'>morum</span> <span class='ocrx_word' id='word_1_227' title='bbox 164 2103 305 2171; x_wconf 82' lang='lat' dir='ltr'>pellerent,</span> <span class='ocrx_word' id='word_1_228' title='bbox 315 2101 482 2166; x_wconf 82' lang='lat' dir='ltr'>pellerentur.</span> <span class='ocrx_word' id='word_1_229' title='bbox 494 2097 599 2162; x_wconf 83' lang='lat' dir='ltr'>lamque</span> <span class='ocrx_word' id='word_1_230' title='bbox 612 2109 638 2146; x_wconf 88' lang='lat' dir='ltr'>et</span> <span class='ocrx_word' id='word_1_231' title='bbox 651 2099 741 2148; x_wconf 80' lang='lat' dir='ltr'>Albani</span> <span class='ocrx_word' id='word_1_232' title='bbox 754 2099 870 2162; x_wconf 89' lang='lat' dir='ltr'>lberique</span> <span class='ocrx_word' id='word_1_233' title='bbox 883 2107 964 2158; x_wconf 85' lang='lat' dir='ltr'>pren-</span> 
     </span>
     <span class='ocr_line' id='line_1_29' title="bbox 53 2171 964 2238; baseline -0.02 -6"><span class='ocrx_word' id='word_1_234' title='bbox 53 2198 104 2232; x_wconf 87' lang='lat' dir='ltr'>sare</span> <span class='ocrx_word' id='word_1_235' title='bbox 113 2213 122 2238; x_wconf 89' lang='lat'>,</span> <span class='ocrx_word' id='word_1_236' title='bbox 132 2175 285 2232; x_wconf 87' lang='lat' dir='ltr'>detrudere,</span> <span class='ocrx_word' id='word_1_237' title='bbox 297 2173 435 2237; x_wconf 86' lang='lat' dir='ltr'>ancipitem</span> <span class='ocrx_word' id='word_1_238' title='bbox 445 2187 554 2236; x_wconf 76' lang='lat' dir='ltr'>pugnam</span> <span class='ocrx_word' id='word_1_239' title='bbox 565 2171 680 2219; x_wconf 80' lang='lat' dir='ltr'>hostibus</span> <span class='ocrx_word' id='word_1_240' title='bbox 689 2171 770 2222; x_wconf 81' lang='lat' dir='ltr'>facere</span> <span class='ocrx_word' id='word_1_241' title='bbox 780 2193 786 2233; x_wconf 86' lang='lat'>;</span> <span class='ocrx_word' id='word_1_242' title='bbox 796 2186 858 2235; x_wconf 89' lang='lat' dir='ltr'>quos</span> <span class='ocrx_word' id='word_1_243' title='bbox 872 2181 964 2232; x_wconf 82' lang='lat' dir='ltr'>super,</span> 
     </span>
     <span class='ocr_line' id='line_1_30' title="bbox 54 2241 964 2322; baseline -0.021 -20"><span class='ocrx_word' id='word_1_244' title='bbox 54 2269 143 2322; x_wconf 81' lang='lat' dir='ltr'>eques,</span> <span class='ocrx_word' id='word_1_245' title='bbox 153 2263 181 2300; x_wconf 86' lang='lat' dir='ltr'>et</span> <span class='ocrx_word' id='word_1_246' title='bbox 195 2248 359 2317; x_wconf 82' lang='lat' dir='ltr'>propioribus</span> <span class='ocrx_word' id='word_1_247' title='bbox 369 2243 520 2292; x_wconf 85' lang='lat' dir='ltr'>vulneribus</span> <span class='ocrx_word' id='word_1_248' title='bbox 535 2242 634 2308; x_wconf 85' lang='lat' dir='ltr'>pedites</span> <span class='ocrx_word' id='word_1_249' title='bbox 644 2241 814 2293; x_wconf 82' lang='lat' dir='ltr'>adflictabant.</span> <span class='ocrx_word' id='word_1_250' title='bbox 826 2241 895 2288; x_wconf 89' lang='lat' dir='ltr'>Inter</span> <span class='ocrx_word' id='word_1_251' title='bbox 909 2251 964 2302; x_wconf 78' lang='lat' dir='ltr'>quse</span> 
     </span>
     <span class='ocr_line' id='line_1_31' title="bbox 56 2313 965 2385; baseline -0.023 -6"><span class='ocrx_word' id='word_1_252' title='bbox 56 2327 234 2380; x_wconf 77' lang='lat' dir='ltr'>Pharasmones</span> <span class='ocrx_word' id='word_1_253' title='bbox 245 2321 408 2385; x_wconf 81' lang='lat' dir='ltr'>Orodeaque,</span> <span class='ocrx_word' id='word_1_254' title='bbox 419 2319 482 2370; x_wconf 84' lang='lat' dir='ltr'>duras</span> <span class='ocrx_word' id='word_1_255' title='bbox 492 2318 602 2382; x_wconf 82' lang='lat' dir='ltr'>strenuis</span> <span class='ocrx_word' id='word_1_256' title='bbox 616 2315 721 2379; x_wconf 83' lang='lat' dir='ltr'>adsunt,</span> <span class='ocrx_word' id='word_1_257' title='bbox 733 2325 777 2368; x_wconf 85' lang='lat' dir='ltr'>ant</span> <span class='ocrx_word' id='word_1_258' title='bbox 787 2313 965 2368; x_wconf 77' lang='lat' dir='ltr'>dubitantibus</span> 
     </span>
     <span class='ocr_line' id='line_1_32' title="bbox 54 2385 965 2460; baseline -0.024 -8"><span class='ocrx_word' id='word_1_259' title='bbox 54 2400 226 2458; x_wconf 80' lang='lat' dir='ltr'>subveniunt,</span> <span class='ocrx_word' id='word_1_260' title='bbox 239 2394 372 2460; x_wconf 86' lang='lat' dir='ltr'>conspicui</span> <span class='ocrx_word' id='word_1_261' title='bbox 379 2430 387 2456; x_wconf 90' lang='lat'>,</span> <span class='ocrx_word' id='word_1_262' title='bbox 398 2391 479 2456; x_wconf 78' lang='lat' dir='ltr'>eoque</span> <span class='ocrx_word' id='word_1_263' title='bbox 490 2391 563 2454; x_wconf 72' lang='lat' dir='ltr'>gnari</span> <span class='ocrx_word' id='word_1_264' title='bbox 571 2426 579 2449; x_wconf 87' lang='lat'>,</span> <span class='ocrx_word' id='word_1_265' title='bbox 588 2391 714 2447; x_wconf 85' lang='lat' dir='ltr'>clamore,</span> <span class='ocrx_word' id='word_1_266' title='bbox 727 2393 801 2444; x_wconf 86' lang='lat' dir='ltr'>telis.</span> <span class='ocrx_word' id='word_1_267' title='bbox 813 2385 883 2449; x_wconf 86' lang='lat' dir='ltr'>equis</span> <span class='ocrx_word' id='word_1_268' title='bbox 898 2399 965 2432; x_wconf 85' lang='lat' dir='ltr'>eon·</span> 
     </span>
     <span class='ocr_line' id='line_1_33' title="bbox 55 2455 962 2527; baseline -0.023 -5"><span class='ocrx_word' id='word_1_269' title='bbox 55 2483 175 2522; x_wconf 86' lang='lat' dir='ltr'>currunt:</span> <span class='ocrx_word' id='word_1_270' title='bbox 186 2466 323 2520; x_wconf 77' lang='lat' dir='ltr'>instantius</span> <span class='ocrx_word' id='word_1_271' title='bbox 332 2467 531 2527; x_wconf 58' lang='lat' dir='ltr'>Pharasmanem</span> <span class='ocrx_word' id='word_1_272' title='bbox 539 2462 700 2510; x_wconf 85' lang='lat' dir='ltr'>namvuluus</span> <span class='ocrx_word' id='word_1_273' title='bbox 709 2478 752 2526; x_wconf 88' lang='lat' dir='ltr'>per</span> <span class='ocrx_word' id='word_1_274' title='bbox 760 2461 856 2526; x_wconf 75' lang='lat' dir='ltr'>galeam</span> <span class='ocrx_word' id='word_1_275' title='bbox 866 2455 962 2518; x_wconf 74' lang='lat' dir='ltr'>adegit:</span> 
     </span>
     <span class='ocr_line' id='line_1_34' title="bbox 57 2531 966 2605; baseline -0.025 -9"><span class='ocrx_word' id='word_1_276' title='bbox 57 2562 102 2596; x_wconf 87' lang='lat' dir='ltr'>nec</span> <span class='ocrx_word' id='word_1_277' title='bbox 113 2547 205 2594; x_wconf 87' lang='lat' dir='ltr'>iterare</span> <span class='ocrx_word' id='word_1_278' title='bbox 216 2541 311 2596; x_wconf 87' lang='lat' dir='ltr'>valuit,</span> <span class='ocrx_word' id='word_1_279' title='bbox 321 2536 440 2605; x_wconf 79' lang='lat' dir='ltr'>praelatus</span> <span class='ocrx_word' id='word_1_280' title='bbox 448 2551 529 2598; x_wconf 88' lang='lat' dir='ltr'>equo,</span> <span class='ocrx_word' id='word_1_281' title='bbox 542 2544 566 2582; x_wconf 87' lang='lat' dir='ltr'>rt</span> <span class='ocrx_word' id='word_1_282' title='bbox 578 2531 722 2582; x_wconf 83' lang='lat' dir='ltr'>fortissimis</span> <span class='ocrx_word' id='word_1_283' title='bbox 732 2531 869 2583; x_wconf 86' lang='lat' dir='ltr'>satellitum</span> <span class='ocrx_word' id='word_1_284' title='bbox 878 2533 966 2592; x_wconf 70' lang='lat' dir='ltr'>prote·</span> 
     </span>
     <span class='ocr_line' id='line_1_35' title="bbox 56 2601 966 2687; baseline -0.024 -15"><span class='ocrx_word' id='word_1_285' title='bbox 56 2619 175 2687; x_wconf 71' lang='lat' dir='ltr'>gentibus</span> <span class='ocrx_word' id='word_1_286' title='bbox 184 2616 307 2665; x_wconf 69' lang='lat' dir='ltr'>randum.</span> <span class='ocrx_word' id='word_1_287' title='bbox 319 2612 396 2662; x_wconf 88' lang='lat' dir='ltr'>Fama</span> <span class='ocrx_word' id='word_1_288' title='bbox 406 2620 491 2659; x_wconf 84' lang='lat' dir='ltr'>tamen</span> <span class='ocrx_word' id='word_1_289' title='bbox 498 2609 575 2661; x_wconf 85' lang='lat' dir='ltr'>occisi</span> <span class='ocrx_word' id='word_1_290' title='bbox 585 2604 648 2658; x_wconf 81' lang='lat' dir='ltr'>lalsb</span> <span class='ocrx_word' id='word_1_291' title='bbox 657 2605 762 2668; x_wconf 84' lang='lat' dir='ltr'>credita,</span> <span class='ocrx_word' id='word_1_292' title='bbox 772 2601 894 2655; x_wconf 81' lang='lat' dir='ltr'>exterruit</span> <span class='ocrx_word' id='word_1_293' title='bbox 902 2601 966 2652; x_wconf 85' lang='lat' dir='ltr'>Par-</span> 
     </span>
     <span class='ocr_line' id='line_1_36' title="bbox 58 2683 497 2752; baseline -0.034 -6"><span class='ocrx_word' id='word_1_294' title='bbox 58 2697 129 2746; x_wconf 85' lang='lat' dir='ltr'>thos.</span> <span class='ocrx_word' id='word_1_295' title='bbox 142 2690 326 2752; x_wconf 81' lang='lat' dir='ltr'>victoriamque</span> <span class='ocrx_word' id='word_1_296' title='bbox 340 2683 497 2734; x_wconf 66' lang='lat' dir='ltr'>concessise.</span> 
     </span>
    </p>

    <p class='ocr_par' dir='ltr' id='par_1_4' title="bbox 55 2747 1043 3422">
     <span class='ocr_line' id='line_1_37' title="bbox 82 2747 955 2823; baseline -0.022 -6"><span class='ocrx_word' id='word_1_297' title='bbox 82 2765 214 2822; x_wconf 80' lang='lat' dir='ltr'>XXXVI.</span> <span class='ocrx_word' id='word_1_298' title='bbox 232 2763 295 2811; x_wconf 82' lang='lat' dir='ltr'>Mox</span> <span class='ocrx_word' id='word_1_299' title='bbox 308 2760 452 2811; x_wconf 84' lang='lat' dir='ltr'>Artabanus</span> <span class='ocrx_word' id='word_1_300' title='bbox 463 2757 518 2809; x_wconf 68' lang='lat' dir='ltr'>toti</span> <span class='ocrx_word' id='word_1_301' title='bbox 535 2757 604 2808; x_wconf 86' lang='lat' dir='ltr'>mole</span> <span class='ocrx_word' id='word_1_302' title='bbox 617 2754 687 2823; x_wconf 76' lang='lat' dir='ltr'>regni</span> <span class='ocrx_word' id='word_1_303' title='bbox 702 2752 785 2802; x_wconf 90' lang='lat' dir='ltr'>ultum</span> <span class='ocrx_word' id='word_1_304' title='bbox 798 2751 842 2814; x_wconf 80' lang='lat' dir='ltr'>iit3</span> <span class='ocrx_word' id='word_1_305' title='bbox 862 2747 955 2818; x_wconf 74' lang='lat' dir='ltr'>peritii</span> 
     </span>
     <span class='ocr_line' id='line_1_38' title="bbox 55 2823 965 2902; baseline -0.021 -11"><span class='ocrx_word' id='word_1_306' title='bbox 55 2842 172 2891; x_wconf 88' lang='lat' dir='ltr'>locorum</span> <span class='ocrx_word' id='word_1_307' title='bbox 189 2837 222 2886; x_wconf 87' lang='lat' dir='ltr'>ab</span> <span class='ocrx_word' id='word_1_308' title='bbox 236 2835 317 2884; x_wconf 88' lang='lat' dir='ltr'>Iberis</span> <span class='ocrx_word' id='word_1_309' title='bbox 330 2831 428 2882; x_wconf 81' lang='lat' dir='ltr'>ancilias·</span> <span class='ocrx_word' id='word_1_310' title='bbox 442 2845 583 2899; x_wconf 84' lang='lat' dir='ltr'>pugnatum</span> <span class='ocrx_word' id='word_1_311' title='bbox 596 2850 602 2880; x_wconf 82' lang='lat' dir='ltr'>r</span> <span class='ocrx_word' id='word_1_312' title='bbox 615 2828 736 2902; x_wconf 24' lang='lat' dir='ltr'>necuisleo</span> <span class='ocrx_word' id='word_1_313' title='bbox 755 2825 920 2883; x_wconf 80' lang='lat' dir='ltr'>abscedebat,</span> <span class='ocrx_word' id='word_1_314' title='bbox 938 2823 965 2872; x_wconf 87' lang='lat' dir='ltr'>ni</span> 
     </span>
     <span class='ocr_line' id='line_1_39' title="bbox 56 2899 965 2976; baseline -0.021 -10"><span class='ocrx_word' id='word_1_315' title='bbox 56 2911 195 2966; x_wconf 86' lang='lat' dir='ltr'>eontractis</span> <span class='ocrx_word' id='word_1_316' title='bbox 211 2910 353 2976; x_wconf 77' lang='lat' dir='ltr'>legionibus</span> <span class='ocrx_word' id='word_1_317' title='bbox 366 2906 500 2966; x_wconf 86' lang='lat' dir='ltr'>Vitellius,</span> <span class='ocrx_word' id='word_1_318' title='bbox 511 2917 538 2956; x_wconf 91' lang='lat' dir='ltr'>et</span> <span class='ocrx_word' id='word_1_319' title='bbox 551 2906 652 2956; x_wconf 74' lang='lat' dir='ltr'>ssdrdito</span> <span class='ocrx_word' id='word_1_320' title='bbox 661 2916 762 2952; x_wconf 86' lang='lat' dir='ltr'>rumore</span> <span class='ocrx_word' id='word_1_321' title='bbox 774 2910 894 2966; x_wconf 88' lang='lat' dir='ltr'>tanquam</span> <span class='ocrx_word' id='word_1_322' title='bbox 908 2899 965 2961; x_wconf 81' lang='lat' dir='ltr'>Mc·</span> 
     </span>
     <span class='ocr_line' id='line_1_40' title="bbox 60 2973 966 3056; baseline -0.025 -16"><span class='ocrx_word' id='word_1_323' title='bbox 60 2986 231 3056; x_wconf 82' lang='lat' dir='ltr'>soporamiam</span> <span class='ocrx_word' id='word_1_324' title='bbox 243 2986 490 3039; x_wconf 82' lang='lat' dir='ltr'>invasurua,metum</span> <span class='ocrx_word' id='word_1_325' title='bbox 497 2979 608 3031; x_wconf 88' lang='lat' dir='ltr'>Romani</span> <span class='ocrx_word' id='word_1_326' title='bbox 616 2977 791 3028; x_wconf 83' lang='lat' dir='ltr'>bellilecisset.</span> <span class='ocrx_word' id='word_1_327' title='bbox 799 2973 966 3026; x_wconf 81' lang='lat' dir='ltr'>Tumomisss</span> 
     </span>
     <span class='ocr_line' id='line_1_41' title="bbox 61 3047 1043 3121; baseline -0.02 -9"><span class='ocrx_word' id='word_1_328' title='bbox 61 3060 200 3119; x_wconf 81' lang='lat' dir='ltr'>Armenia,</span> <span class='ocrx_word' id='word_1_329' title='bbox 213 3073 337 3121; x_wconf 78' lang='lat' dir='ltr'>versreqns</span> <span class='ocrx_word' id='word_1_330' title='bbox 348 3053 473 3105; x_wconf 77' lang='lat' dir='ltr'>Artabani</span> <span class='ocrx_word' id='word_1_331' title='bbox 491 3069 547 3120; x_wconf 62' lang='lat' dir='ltr'>resq</span> <span class='ocrx_word' id='word_1_332' title='bbox 566 3054 685 3112; x_wconf 85' lang='lat' dir='ltr'>illiciente</span> <span class='ocrx_word' id='word_1_333' title='bbox 695 3049 816 3108; x_wconf 81' lang='lat' dir='ltr'>Vitellio,</span> <span class='ocrx_word' id='word_1_334' title='bbox 833 3065 848 3096; x_wconf 87' lang='lat' dir='ltr'>ss</span> <span class='ocrx_word' id='word_1_335' title='bbox 861 3047 966 3096; x_wconf 87' lang='lat' dir='ltr'>desere·</span> <span class='ocrx_word' id='word_1_336' title='bbox 1042 3085 1043 3092; x_wconf 71' lang='grc'>,</span> 
     </span>
     <span class='ocr_line' id='line_1_42' title="bbox 61 3114 966 3197; baseline -0.023 -12"><span class='ocrx_word' id='word_1_337' title='bbox 61 3146 119 3185; x_wconf 90' lang='lat' dir='ltr'>rent</span> <span class='ocrx_word' id='word_1_338' title='bbox 128 3148 233 3197; x_wconf 76' lang='lat' dir='ltr'>regem,</span> <span class='ocrx_word' id='word_1_339' title='bbox 250 3146 343 3179; x_wconf 77' lang='lat' dir='ltr'>sevum</span> <span class='ocrx_word' id='word_1_340' title='bbox 355 3130 380 3178; x_wconf 89' lang='lat' dir='ltr'>in</span> <span class='ocrx_word' id='word_1_341' title='bbox 390 3144 469 3195; x_wconf 87' lang='lat' dir='ltr'>pace,</span> <span class='ocrx_word' id='word_1_342' title='bbox 480 3139 507 3178; x_wconf 87' lang='lat' dir='ltr'>et</span> <span class='ocrx_word' id='word_1_343' title='bbox 516 3127 626 3177; x_wconf 84' lang='lat' dir='ltr'>adversis</span> <span class='ocrx_word' id='word_1_344' title='bbox 639 3114 785 3190; x_wconf 76' lang='lat' dir='ltr'>praeliorum</span> <span class='ocrx_word' id='word_1_345' title='bbox 797 3122 932 3170; x_wconf 79' lang='lat' dir='ltr'>exitiosum</span> <span class='ocrx_word' id='word_1_346' title='bbox 939 3132 966 3164; x_wconf 75' lang='lat' dir='ltr'>u·</span> 
     </span>
     <span class='ocr_line' id='line_1_43' title="bbox 59 3188 966 3275; baseline -0.023 -18"><span class='ocrx_word' id='word_1_347' title='bbox 59 3207 139 3275; x_wconf 70' lang='lat' dir='ltr'>Igitur</span> <span class='ocrx_word' id='word_1_348' title='bbox 152 3205 285 3263; x_wconf 83' lang='lat' dir='ltr'>Sinnaces,</span> <span class='ocrx_word' id='word_1_349' title='bbox 295 3219 372 3268; x_wconf 90' lang='lat' dir='ltr'>quem</span> <span class='ocrx_word' id='word_1_350' title='bbox 382 3214 456 3252; x_wconf 86' lang='lat' dir='ltr'>antea</span> <span class='ocrx_word' id='word_1_351' title='bbox 468 3201 595 3252; x_wconf 84' lang='lat' dir='ltr'>infensum</span> <span class='ocrx_word' id='word_1_352' title='bbox 605 3195 758 3255; x_wconf 85' lang='lat' dir='ltr'>memoravi,</span> <span class='ocrx_word' id='word_1_353' title='bbox 769 3204 867 3258; x_wconf 84' lang='lat' dir='ltr'>petrem</span> <span class='ocrx_word' id='word_1_354' title='bbox 876 3188 966 3238; x_wconf 85' lang='lat' dir='ltr'>Abda-</span> 
     </span>
     <span class='ocr_line' id='line_1_44' title="bbox 61 3260 967 3347; baseline -0.022 -17"><span class='ocrx_word' id='word_1_355' title='bbox 61 3297 151 3347; x_wconf 76' lang='lat' dir='ltr'>geaen‚</span> <span class='ocrx_word' id='word_1_356' title='bbox 168 3278 281 3342; x_wconf 88' lang='lat' dir='ltr'>aliosque</span> <span class='ocrx_word' id='word_1_357' title='bbox 303 3277 417 3326; x_wconf 90' lang='lat' dir='ltr'>occultos</span> <span class='ocrx_word' id='word_1_358' title='bbox 440 3276 557 3338; x_wconf 82' lang='lat' dir='ltr'>consilii,</span> <span class='ocrx_word' id='word_1_359' title='bbox 580 3285 605 3323; x_wconf 87' lang='lat' dir='ltr'>et</span> <span class='ocrx_word' id='word_1_360' title='bbox 626 3285 687 3322; x_wconf 91' lang='lat' dir='ltr'>tunc</span> <span class='ocrx_word' id='word_1_361' title='bbox 706 3265 831 3316; x_wconf 89' lang='lat' dir='ltr'>continuis</span> <span class='ocrx_word' id='word_1_362' title='bbox 853 3260 967 3310; x_wconf 85' lang='lat' dir='ltr'>cladibus</span> 
     </span>
     <span class='ocr_line' id='line_1_45' title="bbox 64 3331 1024 3422; baseline -0.031 -16"><span class='ocrx_word' id='word_1_363' title='bbox 64 3351 250 3422; x_wconf 81' lang='lat' dir='ltr'>promptiores,</span> <span class='ocrx_word' id='word_1_364' title='bbox 260 3349 293 3403; x_wconf 87' lang='lat' dir='ltr'>ad</span> <span class='ocrx_word' id='word_1_365' title='bbox 303 3348 474 3405; x_wconf 83' lang='lat' dir='ltr'>delectieuem</span> <span class='ocrx_word' id='word_1_366' title='bbox 488 3345 582 3400; x_wconf 83' lang='lat' dir='ltr'>trabit:</span> <span class='ocrx_word' id='word_1_367' title='bbox 593 3341 762 3398; x_wconf 77' lang='lat' dir='ltr'>adfluentibus</span> <span class='ocrx_word' id='word_1_368' title='bbox 770 3335 904 3403; x_wconf 71' lang='lat' dir='ltr'>paularim,</span> <span class='ocrx_word' id='word_1_369' title='bbox 915 3331 969 3397; x_wconf 83' lang='lat' dir='ltr'>qut,</span> <span class='ocrx_word' id='word_1_370' title='bbox 1020 3343 1024 3348; x_wconf 64' lang='lat'><strong><em>¹</em></strong></span> 
     </span>
    </p>
   </div>
   <div class='ocr_carea' id='block_1_3' title="bbox 0 0 1083 3709">
    <p class='ocr_par' dir='ltr' id='par_1_5' title="bbox 0 0 1083 3709">
     <span class='ocr_line' id='line_1_46' title="bbox 0 0 1083 3709; baseline 0 0"><span class='ocrx_word' id='word_1_371' title='bbox 0 0 1083 3709; x_wconf 95' lang='lat' dir='ltr'> </span> 
     </span>
    </p>
   </div>
  </div>
 </body>
</html>
