2100 3709
423 58 448 95 c.
467 59 563 95 coar.
588 40 711 95 ra'crrr

58 202 63 215 ⁸
110 137 192 190 multa
205 147 230 187 et
240 136 326 203 raria3
337 134 382 187 sed
391 136 531 198 Flavianis,
547 138 654 187 consilio
666 136 761 187 ducum
773 140 976 205 praestantibus,
987 149 1039 191 aa

111 214 169 283 pilu
179 229 308 279 prospera.
319 214 340 261 ti
352 211 451 263 tantiam
462 212 602 263 conflictati
611 224 684 271 sunt,
695 213 777 277 quiin
788 226 890 279 partem
903 218 1039 265 sinistram

109 288 196 347 urbis,
218 285 250 334 ad
269 286 433 335 Sallustianos
450 286 555 344 hortos,
575 301 620 351 per
640 298 746 353 augurata
767 298 795 337 et
810 288 914 339 lubrica
933 291 1039 342 riarum!

110 363 244 411 flexerant.
261 360 438 427 superstantes
450 362 569 411 maceriis
584 359 716 409 hortorum
728 362 881 422 Vitelliani,
896 366 932 413 ad
949 371 1039 474 seruum

110 449 192 498 usque
204 433 288 493 diem,
302 435 368 481 saxis
383 433 493 499 pilisque
508 436 645 483 subeuntes
658 435 794 484 arcebant:
806 436 892 486 donec
904 438 941 486 ab
956 440 1032 501 eqni·

111 508 195 568 tibus,
208 508 250 571 qui
261 506 335 574 porti
353 506 453 557 cottias
468 509 623 575 irruperant,
635 510 893 560 circumvenirentur.
908 514 1032 561 Concur-

109 578 165 630 rere
174 592 200 630 et
216 583 242 629 in
256 596 345 647 campo
357 580 451 631 Martio
464 580 559 630 infeste
574 584 648 632 acies.
661 582 710 632 Pro
721 582 853 632 Flavianis
866 582 991 644 fortuna,
1010 595 1033 630 et

111 665 184 722 parts
197 654 290 709 totiens
308 653 433 703 victoria:
448 653 583 703 Vitelliani
600 653 774 721 desperatione
790 655 844 706 sota
857 657 989 724 ruebant·
1010 661 1039 705 et&

112 745 254 797 quanquam
264 728 350 793 pulsi,
361 726 448 777 tuteris
461 728 488 777 iu
498 724 561 777 urbs
572 731 799 795 congregabantur.

146 800 297 853 LXXXIII.
309 800 405 851 Aderat
420 802 592 867 pugnantibus
609 815 737 869 spectator
755 804 884 870 populus,
902 788 988 869 utque
1007 803 1036 852 in

112 880 213 931 ludicro
226 880 379 943 certamine,
391 878 454 938 hos,
466 896 553 930 rursus
563 880 622 931 illos
632 881 743 931 clamore
755 892 783 929 et
794 881 889 946 plausu
906 880 1033 931 fovebat

112 955 231 1019 quotiens
240 969 298 1019 pars
308 940 386 1001 altera
396 952 554 1015 inclinasset,
567 953 686 1005 abditos'
680 973 707 1003 ιιι
720 954 840 1011 tabernis,
849 966 907 1013 sut,-
917 955 942 1003 si
955 971 1035 1019 quam

112 1028 138 1078 in
150 1027 254 1077 domum
271 1026 449 1091 perfugerant,
465 1030 524 1079 erui
533 1028 719 1099 ja‘gutartque
734 1026 947 1093 expostulantes,
961 1039 1038 1093 parte

113 1102 209 1165 maiore
221 1100 308 1168 prede
324 1100 502 1166 potiebantur:
517 1118 577 1149 narn
595 1104 677 1152 milite
694 1101 726 1151 ad
740 1101 890 1165 sanguinem
907 1112 936 1148 et
952 1100 1037 1149 caedes

114 1176 241 1230 obverso,
254 1174 334 1239 spolia
349 1173 375 1233 in
394 1173 485 1239 vulgus
496 1174 630 1223 cedebant.
646 1176 713 1227 Sera
725 1190 754 1223 ac
763 1172 886 1225 deformis
898 1173 968 1223 urbe
979 1174 1038 1222 total

112 1248 189 1301 facies
203 1266 208 1297 :
222 1248 283 1297 alibi
298 1246 383 1319 prelia
396 1258 422 1297 et
442 1247 561 1313 vulnera,
576 1248 636 1298 alibi
651 1249 755 1298 balineae
771 1249 923 1313 popinaeque
935 1266 942 1297 ι
954 1248 1037 1299 ιἰιιιιι]

111 1340 188 1377 cruor
199 1334 224 1379 et
233 1334 314 1379 strues
325 1336 476 1387 corporum,
487 1320 558 1385 juxti
570 1334 667 1386 scorta,
680 1334 707 1371 et
715 1323 805 1371 scortis
815 1323 913 1372 similes
926 1342 933 1371 :
945 1339 1034 1388 qnan-

115 1411 171 1457 tum
182 1400 209 1449 in
220 1394 351 1457 luxurioso
363 1397 418 1445 otio
433 1394 586 1460 libidinum
599 1395 723 1461 quidquid
734 1396 761 1445 in
771 1395 937 1445 acerbissima
947 1397 1034 1461 capti·

114 1472 193 1521 ritate
204 1470 341 1519 scelerum:
352 1465 458 1534 proretis
469 1479 499 1517 ut
507 1468 624 1522 eamdem
632 1469 762 1518 civitatem
770 1479 795 1519 et
806 1467 890 1517 ferrers
901 1468 1032 1526 crederes,

116 1557 143 1607 et
155 1545 282 1595 lascivire.
300 1543 473 1593 Conflixeraut
493 1543 557 1592 sntb
567 1543 658 1593 armati
673 1541 797 1599 exercitus
810 1542 835 1590 in
850 1542 931 1602 urbe,
945 1542 986 1591 bis
1000 1539 1033 1589 L.

116 1617 194 1678 Sullsl,
206 1617 282 1667 semel
298 1614 379 1665 Cinna
392 1616 545 1681 victoribus3
558 1632 605 1665 nec
615 1628 676 1666 tunc
687 1616 772 1666 minds
780 1614 955 1666 crudelitatis:
966 1631 1037 1663 nunc

116 1692 254 1748 inhumana
272 1691 408 1749 securitas,
427 1701 453 1740 ct
468 1704 500 1739 ne
515 1691 622 1739 minimo
636 1688 741 1755 quidem
752 1690 874 1755 temporis
885 1688 1038 1755 voluptates

115 1766 279 1821 intermisere:
296 1762 366 1817 reiut
381 1760 450 1809 fastis
468 1761 560 1813 diebus
579 1763 607 1811 id
622 1763 724 1827 quoque
741 1762 860 1829 gaudium
877 1762 1038 1822 accederet,

118 1839 291 1895 exsultabant,
302 1833 467 1902 fruebantur3
480 1836 549 1885 nulld
558 1836 670 1902 partium
680 1837 756 1897 cura,
771 1836 842 1885 malis
851 1834 966 1901 publicis
973 1836 1035 1884 leti.

150 1908 294 1959 LXXXIV.
310 1908 451 1957 Plurimum
470 1910 546 1959 molis
559 1912 587 1961 in
598 1913 787 1977 oppugnatione
803 1919 949 1957 castrorum
967 1908 1035 1966 fuit,

118 1998 172 2048 que
183 1981 320 2031 stertimus
329 1980 452 2045 quisque,
463 1993 493 2031 ut
501 1984 665 2035 novissimam
678 2002 763 2052 spem,
775 1982 933 2034 retinebant.
943 1982 985 2031 Ed
996 1984 1037 2032 iu·

117 2055 214 2107 tentius
224 2056 346 2116 victores,
355 2057 482 2123 precipuo
492 2070 607 2127 veterum
616 2057 761 2111 cohortium
771 2056 873 2119 studio,
886 2069 982 2106 cuncta
991 2074 1034 2104 va-

117 2130 301 2181 lidissimarum
312 2132 414 2181 urbium
431 2132 537 2185 excidiis
550 2143 650 2199 reperta
663 2135 741 2182 simul
754 2131 912 2194 admovent,
924 2129 1034 2185 testudi-

119 2224 196 2267 nem,
207 2218 333 2258 tormenta
340 2222 475 2273 Maggeres
485 2205 617 2267 facesque·
630 2168 1036 2271 «quidquidtotprrellislaboris

56 2337 59 2345 ι
121 2280 425 2349 acpericulihausissent,
437 2293 513 2342 opere
524 2276 770 2328 illoconsummari»
781 2274 956 2327 clamitantes
965 2278 1035 2327 «Ur-

119 2338 182 2407 bem
194 2356 291 2407 senatui
305 2370 334 2405 ac
348 2353 444 2418 populo
454 2354 588 2408 Romano,
602 2350 696 2435 templa
709 2350 758 2401 diis
772 2352 893 2404 reddita:
903 2344 1035 2421 proprium

107 2448 177 2481 sesae
189 2432 276 2479 militis
285 2428 377 2481 decus
371 2442 397 2473 ιιι
406 2423 510 2475 castus
525 2425 595 2473 allam
605 2436 731 2493 petuam
744 2425 803 2478 allos
812 2440 935 2492 penates
948 2445 976 2475 ιιι
984 2439 1033 2475 sta

122 2506 171 2554 tim
171 2498 348 2567 recipiantur,
363 2507 464 2544 noctem
477 2496 502 2544 in
516 2500 593 2548 armis
605 2498 774 2584 agendam».
779 2499 875 2548 Conari
885 2500 1034 2558 Vitelliani,

123 2590 266 2641 quanquam
281 2584 387 2619 numero
403 2567 503 2635 fatoque
513 2570 626 2639 dispares
637 2610 643 2629 ,
654 2562 795 2637 inquietare
811 2574 968 2631 victoriam,
980 2590 1034 2623 mo·

123 2650 175 2699 rari
186 2660 289 2712 pacem,
302 2642 393 2693 domos
404 2660 509 2709 arasque
523 2662 611 2695 cruore
623 2646 718 2697 fedare
729 2666 736 2696 s
749 2663 867 2713 suprema
878 2648 956 2697 victis
967 2648 1033 2699 sols-

124 2721 161 2767 tia
172 2717 415 2785 complectebantur.
431 2716 509 2767 Multi
518 2719 691 2783 semianimes,
703 2737 778 2788 super
794 2731 876 2769 turres
893 2731 927 2769 etv
936 2737 1033 2788 propu-

48 2835 50 2839 ,
126 2793 233 2861 gnacula
244 2792 366 2843 moenium
375 2794 546 2859 exspiravere.
557 2794 691 2843 convulsis
706 2795 804 2861 portis,
819 2794 933 2858 reliquus
944 2795 1032 2859 globus

94 2871 97 2876 '
125 2867 220 2918 obtulit
236 2885 262 2919 sc
277 2868 416 2920 victoribus
429 2886 434 2923 ;
449 2878 474 2917 et
491 2866 605 2918 cecidere
621 2884 709 2917 omnes
721 2868 851 2918 contrariis
865 2868 1031 2930 vulneribus,

80 2966 83 2971 ¹
125 2943 192 2995 versi
202 2943 228 2994 in
240 2941 339 2990 bostem
352 2960 357 2988 :
369 2958 397 2989 ea
409 2957 468 2991 cura
481 2942 558 2993 etiam
569 2942 737 2991 morientibus
749 2940 930 2989 decertemus
943 2941 1002 2995 tuit.

159 3016 293 3083 LXXXV
303 3016 440 3073 Vitellius,
453 3015 525 3079 capta
538 3015 616 3076 urhe,
630 3032 676 3082 per
690 3032 804 3065 aversam
816 3014 905 3081 palatii
919 3026 1031 3081 partem,

127 3088 320 3149 Arentiuumst
313 3108 339 3141 ιιι
351 3089 455 3139 domum
466 3106 568 3150 uxoris
580 3090 669 3140 selluld
682 3090 811 3139 defertur
805 3102 867 3153 3ut,
881 3105 903 3137 st
895 3088 983 3140 diem
995 3091 1031 3138 la

121 3166 202 3217 tebra
213 3168 354 3227 vitavisset,
366 3164 528 3227 Tarracinam
542 3128 575 3213 ad
589 3164 705 3217 cobortes
717 3162 869 3227 fratremque
880 3163 1038 3244 perfugeret.

128 3237 207 3301 Dein,
220 3240 379 3290 mobilitate
373 3254 479 3305 ingenit
492 3250 517 3288 et
528 3256 582 3303 quae
592 3250 682 3287 natura
691 3238 940 3305 parorrsest,quum
951 3254 1026 3288 οιιιιιιι

124 3316 263 3381 metuenti,
274 3312 522 3387 presentiamuxim'e
532 3313 706 3381 displicerent,
716 3312 743 3363 in
753 3310 876 3383 palatium
884 3311 1026 3384 regreditur,
