<?xml version="1.0" encoding="UTF-8"?>
<!DOCTYPE html PUBLIC "-//W3C//DTD XHTML 1.0 Transitional//EN"
    "http://www.w3.org/TR/xhtml1/DTD/xhtml1-transitional.dtd">
<html xmlns="http://www.w3.org/1999/xhtml" xml:lang="en" lang="en">
 <head>
  <title>
</title>
<meta http-equiv="Content-Type" content="text/html;charset=utf-8" />
  <meta name='ocr-system' content='tesseract 3.04.00' />
  <meta name='ocr-capabilities' content='ocr_page ocr_carea ocr_par ocr_line ocrx_word'/>
</head>
<body>
  <div class='ocr_page' id='page_1' title='image "./ccorntacitioper00brotgoog_0176.png"; bbox 0 0 2100 3709; ppageno 0'>
   <div class='ocr_carea' id='block_1_1' title="bbox 24 41 1036 244">
    <p class='ocr_par' dir='ltr' id='par_1_1' title="bbox 24 41 1036 244">
     <span class='ocr_line' id='line_1_1' title="bbox 326 41 965 146; baseline 0 -18"><span class='ocrx_word' id='word_1_1' title='bbox 326 84 664 129; x_wconf 69' lang='lat' dir='ltr'>truauruatmmm.</span> <span class='ocrx_word' id='word_1_2' title='bbox 782 77 786 87; x_wconf 83' lang='grc'><strong>“</strong></span> <span class='ocrx_word' id='word_1_3' title='bbox 901 41 965 146; x_wconf 29' lang='grc'>1751</span> 
     </span>
     <span class='ocr_line' id='line_1_2' title="bbox 24 167 1036 244; baseline -0.001 -24"><span class='ocrx_word' id='word_1_4' title='bbox 24 167 106 220; x_wconf 86' lang='lat' dir='ltr'>Didii</span> <span class='ocrx_word' id='word_1_5' title='bbox 116 172 282 238; x_wconf 79' lang='lat' dir='ltr'>pellerentur.</span> <span class='ocrx_word' id='word_1_6' title='bbox 291 171 409 237; x_wconf 80' lang='lat' dir='ltr'>Sedpost</span> <span class='ocrx_word' id='word_1_7' title='bbox 417 182 518 244; x_wconf 86' lang='lat' dir='ltr'>captum</span> <span class='ocrx_word' id='word_1_8' title='bbox 531 171 708 234; x_wconf 80' lang='lat' dir='ltr'>Caractucum,</span> <span class='ocrx_word' id='word_1_9' title='bbox 719 171 857 238; x_wconf 78' lang='lat' dir='ltr'>precipuus</span> <span class='ocrx_word' id='word_1_10' title='bbox 866 172 950 221; x_wconf 81' lang='lat' dir='ltr'>scien·</span> <span class='ocrx_word' id='word_1_11' title='bbox 1032 218 1036 227; x_wconf 85' lang='grc'><strong>,</strong></span> 
     </span>
    </p>
   </div>
   <div class='ocr_carea' id='block_1_2' title="bbox 26 248 997 1699">
    <p class='ocr_par' dir='ltr' id='par_1_2' title="bbox 26 248 997 1332">
     <span class='ocr_line' id='line_1_3' title="bbox 27 248 950 315; baseline 0.001 -18"><span class='ocrx_word' id='word_1_12' title='bbox 27 248 65 298; x_wconf 76' lang='lat' dir='ltr'>ut</span> <span class='ocrx_word' id='word_1_13' title='bbox 77 250 124 298; x_wconf 88' lang='lat' dir='ltr'>rei</span> <span class='ocrx_word' id='word_1_14' title='bbox 135 250 255 300; x_wconf 75' lang='lat' dir='ltr'>militaris</span> <span class='ocrx_word' id='word_1_15' title='bbox 265 250 408 307; x_wconf 75' lang='lat' dir='ltr'>venusius,</span> <span class='ocrx_word' id='word_1_16' title='bbox 420 249 580 315; x_wconf 70' lang='lat' dir='ltr'>linguatum</span> <span class='ocrx_word' id='word_1_17' title='bbox 592 250 710 309; x_wconf 79' lang='lat' dir='ltr'>civitate,</span> <span class='ocrx_word' id='word_1_18' title='bbox 721 261 750 298; x_wconf 91' lang='lat' dir='ltr'>ut</span> <span class='ocrx_word' id='word_1_19' title='bbox 762 249 837 314; x_wconf 75' lang='lat' dir='ltr'>suprd</span> <span class='ocrx_word' id='word_1_20' title='bbox 846 265 950 298; x_wconf 86' lang='lat' dir='ltr'>memo·</span> 
     </span>
     <span class='ocr_line' id='line_1_4' title="bbox 26 321 997 387; baseline 0.002 -19"><span class='ocrx_word' id='word_1_21' title='bbox 26 323 88 370; x_wconf 86' lang='lat' dir='ltr'>ravi</span> <span class='ocrx_word' id='word_1_22' title='bbox 99 357 108 379; x_wconf 88' lang='lat'>,</span> <span class='ocrx_word' id='word_1_23' title='bbox 119 321 236 387; x_wconf 82' lang='lat' dir='ltr'>fidusque</span> <span class='ocrx_word' id='word_1_24' title='bbox 245 323 303 386; x_wconf 88' lang='lat' dir='ltr'>diu,</span> <span class='ocrx_word' id='word_1_25' title='bbox 315 335 342 371; x_wconf 88' lang='lat' dir='ltr'>et</span> <span class='ocrx_word' id='word_1_26' title='bbox 350 323 471 373; x_wconf 85' lang='lat' dir='ltr'>Romanis</span> <span class='ocrx_word' id='word_1_27' title='bbox 487 325 563 372; x_wconf 84' lang='lat' dir='ltr'>armis</span> <span class='ocrx_word' id='word_1_28' title='bbox 572 321 700 384; x_wconf 83' lang='lat' dir='ltr'>delemus,</span> <span class='ocrx_word' id='word_1_29' title='bbox 710 339 788 386; x_wconf 77' lang='lat' dir='ltr'>quum</span> <span class='ocrx_word' id='word_1_30' title='bbox 799 324 951 372; x_wconf 83' lang='lat' dir='ltr'>Cartismau-</span> <span class='ocrx_word' id='word_1_31' title='bbox 992 329 997 350; x_wconf 72' lang='lat'>¹·</span> 
     </span>
     <span class='ocr_line' id='line_1_5' title="bbox 32 393 951 460; baseline 0.002 -18"><span class='ocrx_word' id='word_1_32' title='bbox 32 393 120 442; x_wconf 85' lang='lat' dir='ltr'>duam</span> <span class='ocrx_word' id='word_1_33' title='bbox 130 395 420 459; x_wconf 78' lang='lat' dir='ltr'>reginammatrimouic</span> <span class='ocrx_word' id='word_1_34' title='bbox 433 406 546 453; x_wconf 77' lang='lat' dir='ltr'>teumet,</span> <span class='ocrx_word' id='word_1_35' title='bbox 556 409 617 446; x_wconf 81' lang='lat' dir='ltr'>mox</span> <span class='ocrx_word' id='word_1_36' title='bbox 628 405 686 444; x_wconf 89' lang='lat' dir='ltr'>orto</span> <span class='ocrx_word' id='word_1_37' title='bbox 698 393 816 460; x_wconf 82' lang='lat' dir='ltr'>discidio,</span> <span class='ocrx_word' id='word_1_38' title='bbox 828 407 853 444; x_wconf 90' lang='lat' dir='ltr'>et</span> <span class='ocrx_word' id='word_1_39' title='bbox 864 397 951 444; x_wconf 84' lang='lat' dir='ltr'>statim</span> 
     </span>
     <span class='ocr_line' id='line_1_6' title="bbox 27 463 950 532; baseline -0.001 -20"><span class='ocrx_word' id='word_1_40' title='bbox 27 465 119 529; x_wconf 87' lang='lat' dir='ltr'>bello,</span> <span class='ocrx_word' id='word_1_41' title='bbox 137 466 216 515; x_wconf 88' lang='lat' dir='ltr'>etiam</span> <span class='ocrx_word' id='word_1_42' title='bbox 229 465 350 517; x_wconf 78' lang='lat' dir='ltr'>adverada</span> <span class='ocrx_word' id='word_1_43' title='bbox 363 483 410 516; x_wconf 90' lang='lat' dir='ltr'>nos</span> <span class='ocrx_word' id='word_1_44' title='bbox 421 465 526 518; x_wconf 83' lang='lat' dir='ltr'>bestilia</span> <span class='ocrx_word' id='word_1_45' title='bbox 541 467 667 516; x_wconf 87' lang='lat' dir='ltr'>induerat.</span> <span class='ocrx_word' id='word_1_46' title='bbox 686 465 735 514; x_wconf 78' lang='lat' dir='ltr'>Sed</span> <span class='ocrx_word' id='word_1_47' title='bbox 751 465 834 532; x_wconf 72' lang='lat' dir='ltr'>primi)</span> <span class='ocrx_word' id='word_1_48' title='bbox 849 463 950 514; x_wconf 79' lang='lat' dir='ltr'>tautum</span> 
     </span>
     <span class='ocr_line' id='line_1_7' title="bbox 28 538 951 606; baseline 0 -20"><span class='ocrx_word' id='word_1_49' title='bbox 28 540 102 588; x_wconf 86' lang='lat' dir='ltr'>inter</span> <span class='ocrx_word' id='word_1_50' title='bbox 117 541 189 606; x_wconf 87' lang='lat' dir='ltr'>ipsos</span> <span class='ocrx_word' id='word_1_51' title='bbox 202 541 360 598; x_wconf 82' lang='lat' dir='ltr'>certabatur,</span> <span class='ocrx_word' id='word_1_52' title='bbox 374 540 521 606; x_wconf 73' lang='lat' dir='ltr'>callidisque</span> <span class='ocrx_word' id='word_1_53' title='bbox 537 539 727 592; x_wconf 73' lang='lat' dir='ltr'><strong>Cartimandua</strong></span> <span class='ocrx_word' id='word_1_54' title='bbox 739 540 836 592; x_wconf 88' lang='lat' dir='ltr'>artibus</span> <span class='ocrx_word' id='word_1_55' title='bbox 847 538 951 601; x_wconf 71' lang='lat' dir='ltr'>lintrem</span> 
     </span>
     <span class='ocr_line' id='line_1_8' title="bbox 28 613 951 682; baseline -0.001 -23"><span class='ocrx_word' id='word_1_56' title='bbox 28 628 59 659; x_wconf 87' lang='lat' dir='ltr'>ac</span> <span class='ocrx_word' id='word_1_57' title='bbox 68 613 236 678; x_wconf 78' lang='lat' dir='ltr'>propinquos</span> <span class='ocrx_word' id='word_1_58' title='bbox 243 613 350 662; x_wconf 86' lang='lat' dir='ltr'>Venusii</span> <span class='ocrx_word' id='word_1_59' title='bbox 360 616 510 682; x_wconf 63' lang='lat' dir='ltr'>intercepit,</span> <span class='ocrx_word' id='word_1_60' title='bbox 516 614 579 664; x_wconf 86' lang='lat' dir='ltr'>Inde</span> <span class='ocrx_word' id='word_1_61' title='bbox 589 615 686 672; x_wconf 82' lang='lat' dir='ltr'>accensi</span> <span class='ocrx_word' id='word_1_62' title='bbox 695 613 793 671; x_wconf 86' lang='lat' dir='ltr'>hostes,</span> <span class='ocrx_word' id='word_1_63' title='bbox 804 613 951 662; x_wconf 86' lang='lat' dir='ltr'>stimulante</span> 
     </span>
     <span class='ocr_line' id='line_1_9' title="bbox 28 683 952 753; baseline 0.001 -22"><span class='ocrx_word' id='word_1_64' title='bbox 28 684 192 748; x_wconf 75' lang='lat' dir='ltr'>ignominia,</span> <span class='ocrx_word' id='word_1_65' title='bbox 203 703 235 735; x_wconf 88' lang='lat' dir='ltr'>ne</span> <span class='ocrx_word' id='word_1_66' title='bbox 247 686 344 736; x_wconf 80' lang='lat' dir='ltr'>irminae</span> <span class='ocrx_word' id='word_1_67' title='bbox 352 689 462 753; x_wconf 84' lang='lat' dir='ltr'>imperio</span> <span class='ocrx_word' id='word_1_68' title='bbox 471 688 641 737; x_wconf 78' lang='lat' dir='ltr'>subderentur</span> <span class='ocrx_word' id='word_1_69' title='bbox 651 704 657 734; x_wconf 93' lang='lat'><strong>:</strong></span> <span class='ocrx_word' id='word_1_70' title='bbox 668 685 751 735; x_wconf 79' lang='lat' dir='ltr'>valida</span> <span class='ocrx_word' id='word_1_71' title='bbox 760 693 788 735; x_wconf 87' lang='lat' dir='ltr'>et</span> <span class='ocrx_word' id='word_1_72' title='bbox 798 686 862 734; x_wconf 90' lang='lat' dir='ltr'>lecta</span> <span class='ocrx_word' id='word_1_73' title='bbox 873 683 952 732; x_wconf 85' lang='lat' dir='ltr'>armis</span> 
     </span>
     <span class='ocr_line' id='line_1_10' title="bbox 27 755 952 825; baseline -0.001 -20"><span class='ocrx_word' id='word_1_74' title='bbox 27 755 158 820; x_wconf 85' lang='lat' dir='ltr'>juventus</span> <span class='ocrx_word' id='word_1_75' title='bbox 170 758 275 824; x_wconf 78' lang='lat' dir='ltr'>regnum</span> <span class='ocrx_word' id='word_1_76' title='bbox 287 759 476 824; x_wconf 78' lang='lat' dir='ltr'>ejusinraduut</span> <span class='ocrx_word' id='word_1_77' title='bbox 487 759 572 825; x_wconf 88' lang='lat' dir='ltr'>:quod</span> <span class='ocrx_word' id='word_1_78' title='bbox 585 759 658 808; x_wconf 89' lang='lat' dir='ltr'>nobis</span> <span class='ocrx_word' id='word_1_79' title='bbox 671 760 821 824; x_wconf 75' lang='lat' dir='ltr'>previsum,</span> <span class='ocrx_word' id='word_1_80' title='bbox 835 768 861 806; x_wconf 90' lang='lat' dir='ltr'>et</span> <span class='ocrx_word' id='word_1_81' title='bbox 871 756 952 806; x_wconf 77' lang='lat' dir='ltr'>rnissra</span> 
     </span>
     <span class='ocr_line' id='line_1_11' title="bbox 30 829 953 899; baseline 0.001 -22"><span class='ocrx_word' id='word_1_82' title='bbox 30 831 133 880; x_wconf 85' lang='lat' dir='ltr'>auxilio</span> <span class='ocrx_word' id='word_1_83' title='bbox 144 831 266 882; x_wconf 89' lang='lat' dir='ltr'>cobortes</span> <span class='ocrx_word' id='word_1_84' title='bbox 277 848 334 882; x_wconf 85' lang='lat' dir='ltr'>acre</span> <span class='ocrx_word' id='word_1_85' title='bbox 345 834 461 899; x_wconf 76' lang='lat' dir='ltr'>prelium</span> <span class='ocrx_word' id='word_1_86' title='bbox 472 832 554 884; x_wconf 68' lang='lat' dir='ltr'>fecere</span> <span class='ocrx_word' id='word_1_87' title='bbox 565 869 571 890; x_wconf 85' lang='lat'>‚</span> <span class='ocrx_word' id='word_1_88' title='bbox 583 832 654 894; x_wconf 73' lang='lat' dir='ltr'>cujus</span> <span class='ocrx_word' id='word_1_89' title='bbox 667 833 739 882; x_wconf 88' lang='lat' dir='ltr'>initio</span> <span class='ocrx_word' id='word_1_90' title='bbox 750 831 883 896; x_wconf 74' lang='lat' dir='ltr'>ambiguo,</span> <span class='ocrx_word' id='word_1_91' title='bbox 896 829 953 878; x_wconf 82' lang='lat' dir='ltr'>finis</span> 
     </span>
     <span class='ocr_line' id='line_1_12' title="bbox 30 902 955 972; baseline -0.002 -21"><span class='ocrx_word' id='word_1_92' title='bbox 30 902 116 951; x_wconf 67' lang='lat' dir='ltr'>laetior</span> <span class='ocrx_word' id='word_1_93' title='bbox 134 903 193 952; x_wconf 81' lang='lat' dir='ltr'>tuit.</span> <span class='ocrx_word' id='word_1_94' title='bbox 207 905 296 969; x_wconf 81' lang='lat' dir='ltr'>Neque</span> <span class='ocrx_word' id='word_1_95' title='bbox 314 904 409 972; x_wconf 76' lang='lat' dir='ltr'>dispari</span> <span class='ocrx_word' id='word_1_96' title='bbox 426 918 519 955; x_wconf 79' lang='lat' dir='ltr'>eventu</span> <span class='ocrx_word' id='word_1_97' title='bbox 529 919 672 972; x_wconf 77' lang='lat' dir='ltr'>pugnaturn</span> <span class='ocrx_word' id='word_1_98' title='bbox 684 904 698 953; x_wconf 80' lang='lat' dir='ltr'>lt</span> <span class='ocrx_word' id='word_1_99' title='bbox 708 906 825 970; x_wconf 80' lang='lat' dir='ltr'>legione,</span> <span class='ocrx_word' id='word_1_100' title='bbox 845 904 885 952; x_wconf 92' lang='lat' dir='ltr'>cui</span> <span class='ocrx_word' id='word_1_101' title='bbox 902 903 955 950; x_wconf 88' lang='lat' dir='ltr'>Ce-</span> 
     </span>
     <span class='ocr_line' id='line_1_13' title="bbox 30 975 954 1043; baseline 0 -19"><span class='ocrx_word' id='word_1_102' title='bbox 30 977 86 1024; x_wconf 87' lang='lat' dir='ltr'>sius</span> <span class='ocrx_word' id='word_1_103' title='bbox 96 975 189 1025; x_wconf 81' lang='lat' dir='ltr'>Nasica</span> <span class='ocrx_word' id='word_1_104' title='bbox 199 989 312 1043; x_wconf 80' lang='lat' dir='ltr'>praerat.</span> <span class='ocrx_word' id='word_1_105' title='bbox 321 978 389 1028; x_wconf 88' lang='lat' dir='ltr'>Nam</span> <span class='ocrx_word' id='word_1_106' title='bbox 398 977 490 1028; x_wconf 90' lang='lat' dir='ltr'>Didius</span> <span class='ocrx_word' id='word_1_107' title='bbox 501 990 631 1028; x_wconf 80' lang='lat' dir='ltr'>senectute</span> <span class='ocrx_word' id='word_1_108' title='bbox 642 979 738 1042; x_wconf 72' lang='lat' dir='ltr'>gravis,</span> <span class='ocrx_word' id='word_1_109' title='bbox 751 989 776 1026; x_wconf 90' lang='lat' dir='ltr'>et</span> <span class='ocrx_word' id='word_1_110' title='bbox 786 975 867 1026; x_wconf 77' lang='lat' dir='ltr'>multi</span> <span class='ocrx_word' id='word_1_111' title='bbox 876 975 954 1040; x_wconf 78' lang='lat' dir='ltr'>cupid</span> 
     </span>
     <span class='ocr_line' id='line_1_14' title="bbox 30 1045 954 1116; baseline 0.002 -21"><span class='ocrx_word' id='word_1_112' title='bbox 30 1045 182 1107; x_wconf 87' lang='lat' dir='ltr'>bonorum,</span> <span class='ocrx_word' id='word_1_113' title='bbox 194 1065 239 1114; x_wconf 84' lang='lat' dir='ltr'>per</span> <span class='ocrx_word' id='word_1_114' title='bbox 254 1050 387 1099; x_wconf 88' lang='lat' dir='ltr'>ministros</span> <span class='ocrx_word' id='word_1_115' title='bbox 401 1068 492 1116; x_wconf 72' lang='lat' dir='ltr'>agere,</span> <span class='ocrx_word' id='word_1_116' title='bbox 509 1063 535 1100; x_wconf 87' lang='lat' dir='ltr'>et</span> <span class='ocrx_word' id='word_1_117' title='bbox 549 1065 632 1100; x_wconf 82' lang='lat' dir='ltr'>arcere</span> <span class='ocrx_word' id='word_1_118' title='bbox 651 1049 749 1098; x_wconf 81' lang='lat' dir='ltr'>hostem</span> <span class='ocrx_word' id='word_1_119' title='bbox 763 1052 822 1098; x_wconf 85' lang='lat' dir='ltr'>satis</span> <span class='ocrx_word' id='word_1_120' title='bbox 834 1046 954 1097; x_wconf 81' lang='lat' dir='ltr'>babebat.</span> 
     </span>
     <span class='ocr_line' id='line_1_15' title="bbox 30 1121 954 1188; baseline -0.003 -18"><span class='ocrx_word' id='word_1_121' title='bbox 30 1121 110 1180; x_wconf 76' lang='lat' dir='ltr'>Haec,</span> <span class='ocrx_word' id='word_1_122' title='bbox 121 1137 267 1185; x_wconf 85' lang='lat' dir='ltr'>quanquam</span> <span class='ocrx_word' id='word_1_123' title='bbox 277 1121 293 1170; x_wconf 73' lang='lat' dir='ltr'>d</span> <span class='ocrx_word' id='word_1_124' title='bbox 302 1121 417 1182; x_wconf 87' lang='lat' dir='ltr'>duobus,</span> <span class='ocrx_word' id='word_1_125' title='bbox 429 1125 535 1172; x_wconf 82' lang='lat' dir='ltr'>Ostorio</span> <span class='ocrx_word' id='word_1_126' title='bbox 546 1121 673 1186; x_wconf 89' lang='lat' dir='ltr'>Didioque</span> <span class='ocrx_word' id='word_1_127' title='bbox 684 1121 880 1188; x_wconf 67' lang='lat' dir='ltr'>propraetoribus</span> <span class='ocrx_word' id='word_1_128' title='bbox 891 1121 954 1185; x_wconf 85' lang='lat' dir='ltr'>plu·</span> 
     </span>
     <span class='ocr_line' id='line_1_16' title="bbox 31 1191 955 1261; baseline 0.001 -18"><span class='ocrx_word' id='word_1_129' title='bbox 31 1211 73 1243; x_wconf 87' lang='lat' dir='ltr'>res</span> <span class='ocrx_word' id='word_1_130' title='bbox 85 1211 133 1260; x_wconf 86' lang='lat' dir='ltr'>per</span> <span class='ocrx_word' id='word_1_131' title='bbox 145 1210 226 1242; x_wconf 84' lang='lat' dir='ltr'>anuos</span> <span class='ocrx_word' id='word_1_132' title='bbox 238 1207 321 1258; x_wconf 70' lang='lat' dir='ltr'>gesta,</span> <span class='ocrx_word' id='word_1_133' title='bbox 337 1196 472 1257; x_wconf 75' lang='lat' dir='ltr'>conjunxi,</span> <span class='ocrx_word' id='word_1_134' title='bbox 485 1213 516 1243; x_wconf 89' lang='lat' dir='ltr'>ne</span> <span class='ocrx_word' id='word_1_135' title='bbox 528 1195 609 1245; x_wconf 79' lang='lat' dir='ltr'>diuisa</span> <span class='ocrx_word' id='word_1_136' title='bbox 618 1194 687 1244; x_wconf 84' lang='lat' dir='ltr'>haud</span> <span class='ocrx_word' id='word_1_137' title='bbox 696 1194 802 1261; x_wconf 81' lang='lat' dir='ltr'>perinde</span> <span class='ocrx_word' id='word_1_138' title='bbox 812 1191 845 1242; x_wconf 89' lang='lat' dir='ltr'>ad</span> <span class='ocrx_word' id='word_1_139' title='bbox 859 1209 955 1244; x_wconf 89' lang='lat' dir='ltr'>memo-</span> 
     </span>
     <span class='ocr_line' id='line_1_17' title="bbox 33 1266 727 1332; baseline -0.001 -14"><span class='ocrx_word' id='word_1_140' title='bbox 33 1269 103 1318; x_wconf 83' lang='lat' dir='ltr'>riam</span> <span class='ocrx_word' id='word_1_141' title='bbox 117 1266 160 1316; x_wconf 79' lang='lat' dir='ltr'>sui</span> <span class='ocrx_word' id='word_1_142' title='bbox 171 1268 294 1316; x_wconf 80' lang='lat' dir='ltr'>valerent.</span> <span class='ocrx_word' id='word_1_143' title='bbox 307 1268 348 1316; x_wconf 84' lang='lat' dir='ltr'>Ad</span> <span class='ocrx_word' id='word_1_144' title='bbox 360 1281 505 1332; x_wconf 82' lang='lat' dir='ltr'>temporum</span> <span class='ocrx_word' id='word_1_145' title='bbox 514 1267 630 1316; x_wconf 84' lang='lat' dir='ltr'>ordinem</span> <span class='ocrx_word' id='word_1_146' title='bbox 640 1268 727 1317; x_wconf 89' lang='lat' dir='ltr'>redeo.</span> 
     </span>
    </p>

    <p class='ocr_par' dir='ltr' id='par_1_3' title="bbox 35 1339 958 1699">
     <span class='ocr_line' id='line_1_18' title="bbox 71 1339 955 1404; baseline 0.001 -14"><span class='ocrx_word' id='word_1_147' title='bbox 71 1340 146 1390; x_wconf 86' lang='lat' dir='ltr'>XLI.</span> <span class='ocrx_word' id='word_1_148' title='bbox 157 1340 201 1390; x_wconf 80' lang='grc' dir='ltr'>Τὶ.</span> <span class='ocrx_word' id='word_1_149' title='bbox 214 1339 323 1390; x_wconf 85' lang='lat' dir='ltr'>Claudio</span> <span class='ocrx_word' id='word_1_150' title='bbox 336 1341 457 1404; x_wconf 84' lang='lat' dir='ltr'>quintum</span> <span class='ocrx_word' id='word_1_151' title='bbox 468 1377 474 1397; x_wconf 89' lang='lat'>,</span> <span class='ocrx_word' id='word_1_152' title='bbox 485 1341 540 1388; x_wconf 87' lang='lat' dir='ltr'>Ser.</span> <span class='ocrx_word' id='word_1_153' title='bbox 556 1341 672 1390; x_wconf 87' lang='lat' dir='ltr'>Cornelio</span> <span class='ocrx_word' id='word_1_154' title='bbox 686 1341 779 1390; x_wconf 87' lang='lat' dir='ltr'>Orfittc</span> <span class='ocrx_word' id='word_1_155' title='bbox 796 1358 860 1392; x_wconf 89' lang='lat' dir='ltr'>coss.</span> <span class='ocrx_word' id='word_1_156' title='bbox 873 1341 955 1391; x_wconf 79' lang='lat' dir='ltr'>virttis</span> 
     </span>
     <span class='ocr_line' id='line_1_19' title="bbox 36 1411 956 1478; baseline -0.001 -17"><span class='ocrx_word' id='word_1_157' title='bbox 36 1423 97 1476; x_wconf 79' lang='lat' dir='ltr'>toga</span> <span class='ocrx_word' id='word_1_158' title='bbox 103 1411 200 1461; x_wconf 88' lang='lat' dir='ltr'>Neroni</span> <span class='ocrx_word' id='word_1_159' title='bbox 209 1411 563 1478; x_wconf 76' lang='lat' dir='ltr'>maturata‚quticapesseudae</span> <span class='ocrx_word' id='word_1_160' title='bbox 570 1412 956 1476; x_wconf 76' lang='lat' dir='ltr'>reipublicaebabilisvideretur.</span> 
     </span>
     <span class='ocr_line' id='line_1_20' title="bbox 36 1482 957 1545; baseline -0.001 -11"><span class='ocrx_word' id='word_1_161' title='bbox 36 1487 70 1534; x_wconf 89' lang='lat' dir='ltr'>Et</span> <span class='ocrx_word' id='word_1_162' title='bbox 84 1487 169 1536; x_wconf 77' lang='lat' dir='ltr'>Cesar</span> <span class='ocrx_word' id='word_1_163' title='bbox 179 1484 369 1534; x_wconf 84' lang='lat' dir='ltr'>adulationibus</span> <span class='ocrx_word' id='word_1_164' title='bbox 379 1482 577 1544; x_wconf 78' lang='lat' dir='ltr'>seuuttlslibens</span> <span class='ocrx_word' id='word_1_165' title='bbox 588 1486 674 1545; x_wconf 89' lang='lat' dir='ltr'>cessit,</span> <span class='ocrx_word' id='word_1_166' title='bbox 689 1497 737 1532; x_wconf 78' lang='lat' dir='ltr'>&lt;tut</span> <span class='ocrx_word' id='word_1_167' title='bbox 750 1485 870 1534; x_wconf 83' lang='lat' dir='ltr'>vicesimo</span> <span class='ocrx_word' id='word_1_168' title='bbox 879 1485 957 1533; x_wconf 77' lang='lat' dir='ltr'>utatis</span> 
     </span>
     <span class='ocr_line' id='line_1_21' title="bbox 36 1556 958 1622; baseline -0.002 -16"><span class='ocrx_word' id='word_1_169' title='bbox 36 1573 107 1606; x_wconf 85' lang='lat' dir='ltr'>anno</span> <span class='ocrx_word' id='word_1_170' title='bbox 120 1557 284 1607; x_wconf 86' lang='lat' dir='ltr'>consulatum</span> <span class='ocrx_word' id='word_1_171' title='bbox 297 1558 366 1605; x_wconf 85' lang='lat' dir='ltr'>Nero</span> <span class='ocrx_word' id='word_1_172' title='bbox 376 1558 449 1606; x_wconf 88' lang='lat' dir='ltr'>iniret</span> <span class='ocrx_word' id='word_1_173' title='bbox 460 1573 467 1603; x_wconf 77' lang='lat' dir='ltr'>z</span> <span class='ocrx_word' id='word_1_174' title='bbox 477 1567 553 1621; x_wconf 86' lang='lat' dir='ltr'>etque</span> <span class='ocrx_word' id='word_1_175' title='bbox 563 1556 666 1606; x_wconf 90' lang='lat' dir='ltr'>interim</span> <span class='ocrx_word' id='word_1_176' title='bbox 678 1557 836 1622; x_wconf 78' lang='lat' dir='ltr'>designatus,</span> <span class='ocrx_word' id='word_1_177' title='bbox 846 1571 958 1622; x_wconf 87' lang='lat' dir='ltr'>procon-</span> 
     </span>
     <span class='ocr_line' id='line_1_22' title="bbox 35 1624 957 1699; baseline 0.002 -19"><span class='ocrx_word' id='word_1_178' title='bbox 35 1631 121 1680; x_wconf 87' lang='lat' dir='ltr'>sulare</span> <span class='ocrx_word' id='word_1_179' title='bbox 140 1624 277 1696; x_wconf 80' lang='lat' dir='ltr'>imperium</span> <span class='ocrx_word' id='word_1_180' title='bbox 292 1643 364 1679; x_wconf 79' lang='lat' dir='ltr'>extra</span> <span class='ocrx_word' id='word_1_181' title='bbox 380 1633 470 1680; x_wconf 87' lang='lat' dir='ltr'>urbem</span> <span class='ocrx_word' id='word_1_182' title='bbox 484 1629 606 1688; x_wconf 84' lang='lat' dir='ltr'>baberet,</span> <span class='ocrx_word' id='word_1_183' title='bbox 618 1648 669 1680; x_wconf 85' lang='lat' dir='ltr'>acu</span> <span class='ocrx_word' id='word_1_184' title='bbox 679 1631 804 1699; x_wconf 77' lang='lat' dir='ltr'>princeps</span> <span class='ocrx_word' id='word_1_185' title='bbox 819 1630 957 1695; x_wconf 78' lang='lat' dir='ltr'>juventutis</span> 
     </span>
    </p>
   </div>
   <div class='ocr_carea' id='block_1_3' title="bbox 39 1699 1040 1770">
    <p class='ocr_par' dir='ltr' id='par_1_4' title="bbox 39 1699 1040 1770">
     <span class='ocr_line' id='line_1_23' title="bbox 39 1699 1040 1770; baseline 0 -18"><span class='ocrx_word' id='word_1_186' title='bbox 39 1705 266 1770; x_wconf 72' lang='lat' dir='ltr'>«appellaretur».</span> <span class='ocrx_word' id='word_1_187' title='bbox 279 1704 402 1758; x_wconf 75' lang='lat' dir='ltr'>Additum</span> <span class='ocrx_word' id='word_1_188' title='bbox 413 1706 516 1756; x_wconf 85' lang='lat' dir='ltr'>numine</span> <span class='ocrx_word' id='word_1_189' title='bbox 525 1705 580 1770; x_wconf 89' lang='lat' dir='ltr'>ejus</span> <span class='ocrx_word' id='word_1_190' title='bbox 590 1699 741 1766; x_wconf 78' lang='lat' dir='ltr'>donatiuum</span> <span class='ocrx_word' id='word_1_191' title='bbox 752 1705 843 1764; x_wconf 84' lang='lat' dir='ltr'>militi,</span> <span class='ocrx_word' id='word_1_192' title='bbox 854 1706 958 1770; x_wconf 71' lang='lat' dir='ltr'>congia·</span> <span class='ocrx_word' id='word_1_193' title='bbox 1038 1699 1040 1710; x_wconf 85' lang='lat'>&#39;</span> 
     </span>
    </p>
   </div>
   <div class='ocr_carea' id='block_1_4' title="bbox 34 1777 958 3310">
    <p class='ocr_par' dir='ltr' id='par_1_5' title="bbox 34 1777 958 3310">
     <span class='ocr_line' id='line_1_24' title="bbox 36 1777 958 1845; baseline 0.004 -19"><span class='ocrx_word' id='word_1_194' title='bbox 36 1779 108 1826; x_wconf 87' lang='lat' dir='ltr'>rium</span> <span class='ocrx_word' id='word_1_195' title='bbox 118 1778 199 1842; x_wconf 88' lang='lat' dir='ltr'>plebi.</span> <span class='ocrx_word' id='word_1_196' title='bbox 206 1777 237 1826; x_wconf 85' lang='lat' dir='ltr'>Et</span> <span class='ocrx_word' id='word_1_197' title='bbox 246 1777 344 1829; x_wconf 90' lang='lat' dir='ltr'>ludicro</span> <span class='ocrx_word' id='word_1_198' title='bbox 355 1781 530 1837; x_wconf 85' lang='lat' dir='ltr'>Circensium,</span> <span class='ocrx_word' id='word_1_199' title='bbox 540 1778 609 1844; x_wconf 84' lang='lat' dir='ltr'>quod</span> <span class='ocrx_word' id='word_1_200' title='bbox 616 1778 779 1845; x_wconf 83' lang='lat' dir='ltr'>adquirendis</span> <span class='ocrx_word' id='word_1_201' title='bbox 787 1779 858 1844; x_wconf 79' lang='lat' dir='ltr'>vulgi</span> <span class='ocrx_word' id='word_1_202' title='bbox 864 1777 958 1830; x_wconf 87' lang='lat' dir='ltr'>studiis</span> 
     </span>
     <span class='ocr_line' id='line_1_25' title="bbox 37 1849 958 1920; baseline 0.005 -23"><span class='ocrx_word' id='word_1_203' title='bbox 37 1849 175 1912; x_wconf 84' lang='lat' dir='ltr'>edebatur,</span> <span class='ocrx_word' id='word_1_204' title='bbox 180 1849 339 1901; x_wconf 82' lang='lat' dir='ltr'>Britannicus</span> <span class='ocrx_word' id='word_1_205' title='bbox 349 1854 375 1902; x_wconf 91' lang='lat' dir='ltr'>iu</span> <span class='ocrx_word' id='word_1_206' title='bbox 380 1853 510 1918; x_wconf 73' lang='lat' dir='ltr'>praetexti,</span> <span class='ocrx_word' id='word_1_207' title='bbox 516 1853 585 1903; x_wconf 82' lang='lat' dir='ltr'>Nero</span> <span class='ocrx_word' id='word_1_208' title='bbox 591 1853 784 1920; x_wconf 88' lang='lat' dir='ltr'>triumphalium</span> <span class='ocrx_word' id='word_1_209' title='bbox 793 1864 864 1902; x_wconf 81' lang='lat' dir='ltr'>veste</span> <span class='ocrx_word' id='word_1_210' title='bbox 872 1865 958 1902; x_wconf 88' lang='lat' dir='ltr'>trans·</span> 
     </span>
     <span class='ocr_line' id='line_1_26' title="bbox 34 1925 957 1994; baseline 0.004 -22"><span class='ocrx_word' id='word_1_211' title='bbox 34 1927 106 1972; x_wconf 79' lang='lat' dir='ltr'>vecti</span> <span class='ocrx_word' id='word_1_212' title='bbox 126 1936 188 1994; x_wconf 83' lang='lat' dir='ltr'>suut</span> <span class='ocrx_word' id='word_1_213' title='bbox 205 1941 211 1971; x_wconf 75' lang='grc' dir='ltr'><strong><em>ε</em></strong></span> <span class='ocrx_word' id='word_1_214' title='bbox 233 1937 355 1990; x_wconf 83' lang='lat' dir='ltr'>spectaret</span> <span class='ocrx_word' id='word_1_215' title='bbox 372 1930 481 1992; x_wconf 88' lang='lat' dir='ltr'>populus</span> <span class='ocrx_word' id='word_1_216' title='bbox 495 1925 565 1976; x_wconf 85' lang='lat' dir='ltr'>buno</span> <span class='ocrx_word' id='word_1_217' title='bbox 579 1926 670 1977; x_wconf 87' lang='lat' dir='ltr'>decore</span> <span class='ocrx_word' id='word_1_218' title='bbox 686 1926 869 1993; x_wconf 88' lang='lat' dir='ltr'>imperatorio,</span> <span class='ocrx_word' id='word_1_219' title='bbox 882 1925 957 1976; x_wconf 88' lang='lat' dir='ltr'>illurn</span> 
     </span>
     <span class='ocr_line' id='line_1_27' title="bbox 35 1995 956 2066; baseline 0.007 -22"><span class='ocrx_word' id='word_1_220' title='bbox 35 1997 137 2062; x_wconf 82' lang='lat' dir='ltr'>puerili</span> <span class='ocrx_word' id='word_1_221' title='bbox 146 1995 235 2046; x_wconf 86' lang='lat' dir='ltr'>babitu</span> <span class='ocrx_word' id='word_1_222' title='bbox 246 2033 252 2052; x_wconf 89' lang='lat'>,</span> <span class='ocrx_word' id='word_1_223' title='bbox 264 2014 292 2046; x_wconf 86' lang='lat' dir='ltr'>ac</span> <span class='ocrx_word' id='word_1_224' title='bbox 301 2000 406 2064; x_wconf 87' lang='lat' dir='ltr'>perinde</span> <span class='ocrx_word' id='word_1_225' title='bbox 416 2002 545 2048; x_wconf 79' lang='lat' dir='ltr'>fortunam</span> <span class='ocrx_word' id='word_1_226' title='bbox 554 1999 684 2065; x_wconf 89' lang='lat' dir='ltr'>utriusque</span> <span class='ocrx_word' id='word_1_227' title='bbox 693 2010 865 2066; x_wconf 74' lang='lat' dir='ltr'>presumeret.</span> <span class='ocrx_word' id='word_1_228' title='bbox 873 1999 956 2050; x_wconf 83' lang='lat' dir='ltr'>Simul</span> 
     </span>
     <span class='ocr_line' id='line_1_28' title="bbox 38 2070 958 2138; baseline 0.009 -21"><span class='ocrx_word' id='word_1_229' title='bbox 38 2070 85 2132; x_wconf 88' lang='lat' dir='ltr'>qui</span> <span class='ocrx_word' id='word_1_230' title='bbox 97 2070 282 2119; x_wconf 84' lang='lat' dir='ltr'>centurionum</span> <span class='ocrx_word' id='word_1_231' title='bbox 295 2073 505 2138; x_wconf 81' lang='lat' dir='ltr'>tribunorumque</span> <span class='ocrx_word' id='word_1_232' title='bbox 513 2073 753 2122; x_wconf 85' lang='lat' dir='ltr'>sortemllritaunici</span> <span class='ocrx_word' id='word_1_233' title='bbox 759 2072 958 2125; x_wconf 71' lang='lat' dir='ltr'>miserebantur,</span> 
     </span>
     <span class='ocr_line' id='line_1_29' title="bbox 36 2142 956 2209; baseline 0.001 -18"><span class='ocrx_word' id='word_1_234' title='bbox 36 2142 136 2192; x_wconf 81' lang='lat' dir='ltr'>remoti</span> <span class='ocrx_word' id='word_1_235' title='bbox 147 2142 212 2189; x_wconf 87' lang='lat' dir='ltr'>fictis</span> <span class='ocrx_word' id='word_1_236' title='bbox 223 2144 319 2202; x_wconf 86' lang='lat' dir='ltr'>causis,</span> <span class='ocrx_word' id='word_1_237' title='bbox 332 2146 407 2190; x_wconf 86' lang='lat' dir='ltr'>etalii</span> <span class='ocrx_word' id='word_1_238' title='bbox 419 2161 464 2208; x_wconf 86' lang='lat' dir='ltr'>pet·</span> <span class='ocrx_word' id='word_1_239' title='bbox 474 2149 583 2209; x_wconf 86' lang='lat' dir='ltr'>speciem</span> <span class='ocrx_word' id='word_1_240' title='bbox 592 2145 695 2194; x_wconf 89' lang='lat' dir='ltr'>honoris</span> <span class='ocrx_word' id='word_1_241' title='bbox 704 2163 710 2192; x_wconf 75' lang='grc' dir='ltr'>ι</span> <span class='ocrx_word' id='word_1_242' title='bbox 719 2145 795 2194; x_wconf 87' lang='lat' dir='ltr'>etiam</span> <span class='ocrx_word' id='word_1_243' title='bbox 805 2145 956 2194; x_wconf 86' lang='lat' dir='ltr'>libertorum</span> 
     </span>
     <span class='ocr_line' id='line_1_30' title="bbox 37 2213 956 2281; baseline 0 -19"><span class='ocrx_word' id='word_1_244' title='bbox 37 2219 57 2266; x_wconf 82' lang='lat' dir='ltr'>si</span> <span class='ocrx_word' id='word_1_245' title='bbox 70 2216 131 2280; x_wconf 84' lang='lat' dir='ltr'>quis</span> <span class='ocrx_word' id='word_1_246' title='bbox 143 2214 289 2280; x_wconf 70' lang='lat' dir='ltr'>incorruptis</span> <span class='ocrx_word' id='word_1_247' title='bbox 298 2215 362 2274; x_wconf 87' lang='lat' dir='ltr'>lide,</span> <span class='ocrx_word' id='word_1_248' title='bbox 377 2213 529 2281; x_wconf 88' lang='lat' dir='ltr'>depellitur,</span> <span class='ocrx_word' id='word_1_249' title='bbox 542 2218 588 2264; x_wconf 92' lang='lat' dir='ltr'>tali</span> <span class='ocrx_word' id='word_1_250' title='bbox 599 2219 738 2266; x_wconf 77' lang='lat' dir='ltr'>occasione.</span> <span class='ocrx_word' id='word_1_251' title='bbox 751 2217 828 2266; x_wconf 86' lang='lat' dir='ltr'>Obvii</span> <span class='ocrx_word' id='word_1_252' title='bbox 837 2218 902 2268; x_wconf 88' lang='lat' dir='ltr'>iuter·</span> <span class='ocrx_word' id='word_1_253' title='bbox 914 2231 956 2270; x_wconf 89' lang='lat' dir='ltr'>sa,</span> 
     </span>
     <span class='ocr_line' id='line_1_31' title="bbox 38 2285 957 2350; baseline -0.007 -11"><span class='ocrx_word' id='word_1_254' title='bbox 38 2291 111 2339; x_wconf 83' lang='lat' dir='ltr'>Nero</span> <span class='ocrx_word' id='word_1_255' title='bbox 130 2286 326 2339; x_wconf 79' lang='lat' dir='ltr'>Britannicum</span> <span class='ocrx_word' id='word_1_256' title='bbox 342 2291 460 2344; x_wconf 79' lang='lat' dir='ltr'>nomine,</span> <span class='ocrx_word' id='word_1_257' title='bbox 477 2288 521 2336; x_wconf 87' lang='lat' dir='ltr'>ille</span> <span class='ocrx_word' id='word_1_258' title='bbox 532 2291 701 2350; x_wconf 82' lang='lat' dir='ltr'>Domitium,</span> <span class='ocrx_word' id='word_1_259' title='bbox 717 2287 865 2338; x_wconf 63' lang='lat' dir='ltr'>salutavere.</span> <span class='ocrx_word' id='word_1_260' title='bbox 879 2285 957 2346; x_wconf 88' lang='lat' dir='ltr'>Quod</span> 
     </span>
     <span class='ocr_line' id='line_1_32' title="bbox 43 2359 955 2427; baseline -0.001 -17"><span class='ocrx_word' id='word_1_261' title='bbox 43 2370 74 2412; x_wconf 90' lang='lat' dir='ltr'>ut</span> <span class='ocrx_word' id='word_1_262' title='bbox 83 2359 219 2408; x_wconf 76' lang='lat' dir='ltr'>discordia</span> <span class='ocrx_word' id='word_1_263' title='bbox 228 2362 339 2422; x_wconf 86' lang='lat' dir='ltr'>initium,</span> <span class='ocrx_word' id='word_1_264' title='bbox 348 2363 486 2427; x_wconf 74' lang='lat' dir='ltr'>Agrippina</span> <span class='ocrx_word' id='word_1_265' title='bbox 495 2363 578 2409; x_wconf 90' lang='lat' dir='ltr'>multo</span> <span class='ocrx_word' id='word_1_266' title='bbox 586 2375 677 2425; x_wconf 87' lang='lat' dir='ltr'>questu</span> <span class='ocrx_word' id='word_1_267' title='bbox 685 2361 717 2420; x_wconf 83' lang='lat' dir='ltr'>ad</span> <span class='ocrx_word' id='word_1_268' title='bbox 728 2362 849 2413; x_wconf 90' lang='lat' dir='ltr'>maritum</span> <span class='ocrx_word' id='word_1_269' title='bbox 858 2359 938 2409; x_wconf 85' lang='lat' dir='ltr'>desert</span> <span class='ocrx_word' id='word_1_270' title='bbox 949 2373 955 2385; x_wconf 89' lang='grc'><em>·</em></span> 
     </span>
     <span class='ocr_line' id='line_1_33' title="bbox 41 2433 957 2506; baseline -0.01 -18"><span class='ocrx_word' id='word_1_271' title='bbox 41 2438 139 2506; x_wconf 79' lang='lat' dir='ltr'>sperni</span> <span class='ocrx_word' id='word_1_272' title='bbox 150 2436 243 2504; x_wconf 84' lang='lat' dir='ltr'>quippe</span> <span class='ocrx_word' id='word_1_273' title='bbox 256 2434 444 2499; x_wconf 71' lang='lat' dir='ltr'>«adoptionem</span> <span class='ocrx_word' id='word_1_274' title='bbox 454 2471 460 2493; x_wconf 89' lang='lat'><strong><em>‚</em></strong></span> <span class='ocrx_word' id='word_1_275' title='bbox 470 2448 574 2500; x_wconf 70' lang='lat' dir='ltr'>queque</span> <span class='ocrx_word' id='word_1_276' title='bbox 588 2439 733 2484; x_wconf 87' lang='lat' dir='ltr'>censuerint</span> <span class='ocrx_word' id='word_1_277' title='bbox 744 2446 841 2500; x_wconf 87' lang='lat' dir='ltr'>patres,</span> <span class='ocrx_word' id='word_1_278' title='bbox 853 2433 957 2497; x_wconf 83' lang='lat' dir='ltr'>jusserit</span> 
     </span>
     <span class='ocr_line' id='line_1_34' title="bbox 39 2505 958 2576; baseline -0.005 -19"><span class='ocrx_word' id='word_1_279' title='bbox 39 2511 154 2576; x_wconf 83' lang='lat' dir='ltr'>populus</span> <span class='ocrx_word' id='word_1_280' title='bbox 165 2511 231 2558; x_wconf 86' lang='lat' dir='ltr'>intra</span> <span class='ocrx_word' id='word_1_281' title='bbox 245 2521 348 2576; x_wconf 84' lang='lat' dir='ltr'>penates</span> <span class='ocrx_word' id='word_1_282' title='bbox 358 2509 475 2572; x_wconf 75' lang='lat' dir='ltr'>abrogari</span> <span class='ocrx_word' id='word_1_283' title='bbox 491 2524 539 2559; x_wconf 86' lang='lat' dir='ltr'>:ac</span> <span class='ocrx_word' id='word_1_284' title='bbox 551 2509 601 2557; x_wconf 87' lang='lat' dir='ltr'>nisi</span> <span class='ocrx_word' id='word_1_285' title='bbox 612 2511 723 2575; x_wconf 84' lang='lat' dir='ltr'>pravitas</span> <span class='ocrx_word' id='word_1_286' title='bbox 734 2519 787 2558; x_wconf 84' lang='lat' dir='ltr'>tam</span> <span class='ocrx_word' id='word_1_287' title='bbox 800 2505 897 2556; x_wconf 81' lang='lat' dir='ltr'>infensa</span> <span class='ocrx_word' id='word_1_288' title='bbox 909 2505 958 2553; x_wconf 85' lang='lat' dir='ltr'>do-</span> 
     </span>
     <span class='ocr_line' id='line_1_35' title="bbox 42 2581 957 2650; baseline -0.008 -18"><span class='ocrx_word' id='word_1_289' title='bbox 42 2584 158 2632; x_wconf 83' lang='lat' dir='ltr'>centium</span> <span class='ocrx_word' id='word_1_290' title='bbox 171 2597 297 2640; x_wconf 81' lang='lat' dir='ltr'>arceatur,</span> <span class='ocrx_word' id='word_1_291' title='bbox 309 2595 430 2650; x_wconf 83' lang='lat' dir='ltr'>eruptum</span> <span class='ocrx_word' id='word_1_292' title='bbox 443 2583 469 2631; x_wconf 88' lang='lat' dir='ltr'>in</span> <span class='ocrx_word' id='word_1_293' title='bbox 480 2582 611 2648; x_wconf 86' lang='lat' dir='ltr'>publicam</span> <span class='ocrx_word' id='word_1_294' title='bbox 623 2581 793 2649; x_wconf 76' lang='lat' dir='ltr'>perniciem».</span> <span class='ocrx_word' id='word_1_295' title='bbox 806 2582 957 2630; x_wconf 83' lang='lat' dir='ltr'>Commotus</span> 
     </span>
     <span class='ocr_line' id='line_1_36' title="bbox 40 2653 956 2721; baseline -0.003 -16"><span class='ocrx_word' id='word_1_296' title='bbox 40 2657 96 2715; x_wconf 81' lang='lat' dir='ltr'>his,</span> <span class='ocrx_word' id='word_1_297' title='bbox 109 2659 181 2720; x_wconf 86' lang='lat' dir='ltr'>quasi</span> <span class='ocrx_word' id='word_1_298' title='bbox 192 2657 355 2720; x_wconf 83' lang='lat' dir='ltr'>criminibus,</span> <span class='ocrx_word' id='word_1_299' title='bbox 367 2655 503 2713; x_wconf 87' lang='lat' dir='ltr'>Claudius,</span> <span class='ocrx_word' id='word_1_300' title='bbox 514 2655 784 2721; x_wconf 62' lang='lat' dir='ltr'>optimuquuemque</span> <span class='ocrx_word' id='word_1_301' title='bbox 794 2653 956 2702; x_wconf 87' lang='lat' dir='ltr'>educatorem</span> 
     </span>
     <span class='ocr_line' id='line_1_37' title="bbox 39 2726 956 2795; baseline -0.004 -15"><span class='ocrx_word' id='word_1_302' title='bbox 39 2730 89 2780; x_wconf 81' lang='lat' dir='ltr'>filii</span> <span class='ocrx_word' id='word_1_303' title='bbox 104 2731 194 2778; x_wconf 86' lang='lat' dir='ltr'>exsilio</span> <span class='ocrx_word' id='word_1_304' title='bbox 212 2746 241 2778; x_wconf 86' lang='lat' dir='ltr'>ac</span> <span class='ocrx_word' id='word_1_305' title='bbox 256 2742 339 2780; x_wconf 88' lang='lat' dir='ltr'>morte</span> <span class='ocrx_word' id='word_1_306' title='bbox 351 2729 450 2790; x_wconf 86' lang='lat' dir='ltr'>adlicit,</span> <span class='ocrx_word' id='word_1_307' title='bbox 465 2727 587 2795; x_wconf 85' lang='lat' dir='ltr'>datosque</span> <span class='ocrx_word' id='word_1_308' title='bbox 602 2727 754 2790; x_wconf 66' lang='lat' dir='ltr'>increscit,</span> <span class='ocrx_word' id='word_1_309' title='bbox 768 2726 887 2778; x_wconf 79' lang='lat' dir='ltr'>custodiar</span> <span class='ocrx_word' id='word_1_310' title='bbox 902 2729 956 2792; x_wconf 84' lang='lat' dir='ltr'>ejus</span> 
     </span>
     <span class='ocr_line' id='line_1_38' title="bbox 39 2803 928 2868; baseline -0.002 -16"><span class='ocrx_word' id='word_1_311' title='bbox 39 2803 167 2868; x_wconf 83' lang='lat' dir='ltr'>imponit.</span> <span class='ocrx_word' id='word_1_312' title='bbox 920 2831 928 2856; x_wconf 67' lang='lat' dir='ltr'><strong>a</strong></span> 
     </span>
     <span class='ocr_line' id='line_1_39' title="bbox 74 2867 956 2940; baseline 0.002 -15"><span class='ocrx_word' id='word_1_313' title='bbox 74 2877 156 2925; x_wconf 84' lang='lat' dir='ltr'>XLII.</span> <span class='ocrx_word' id='word_1_314' title='bbox 173 2874 296 2924; x_wconf 88' lang='lat' dir='ltr'>Nondum</span> <span class='ocrx_word' id='word_1_315' title='bbox 311 2887 398 2924; x_wconf 87' lang='lat' dir='ltr'>tamen</span> <span class='ocrx_word' id='word_1_316' title='bbox 413 2891 511 2924; x_wconf 86' lang='lat' dir='ltr'>summa</span> <span class='ocrx_word' id='word_1_317' title='bbox 523 2867 612 2924; x_wconf 76' lang='lat' dir='ltr'>r&#39;noliri</span> <span class='ocrx_word' id='word_1_318' title='bbox 629 2873 770 2940; x_wconf 75' lang='lat' dir='ltr'>Agrippina</span> <span class='ocrx_word' id='word_1_319' title='bbox 787 2876 911 2937; x_wconf 87' lang='lat' dir='ltr'>audebat,</span> <span class='ocrx_word' id='word_1_320' title='bbox 927 2877 956 2926; x_wconf 91' lang='lat' dir='ltr'>ni</span> 
     </span>
     <span class='ocr_line' id='line_1_40' title="bbox 39 2947 957 3017; baseline -0.001 -19"><span class='ocrx_word' id='word_1_321' title='bbox 39 2951 218 3017; x_wconf 79' lang='lat' dir='ltr'>praetoriarum</span> <span class='ocrx_word' id='word_1_322' title='bbox 227 2948 371 3016; x_wconf 66' lang='lat' dir='ltr'>cubortium</span> <span class='ocrx_word' id='word_1_323' title='bbox 379 2948 439 2997; x_wconf 77' lang='lat' dir='ltr'>curri</span> <span class='ocrx_word' id='word_1_324' title='bbox 448 2949 639 3000; x_wconf 83' lang='lat' dir='ltr'>exsolverentur</span> <span class='ocrx_word' id='word_1_325' title='bbox 646 2947 736 2996; x_wconf 88' lang='lat' dir='ltr'>Lusius</span> <span class='ocrx_word' id='word_1_326' title='bbox 745 2950 824 3010; x_wconf 76' lang='lat' dir='ltr'>Geta,</span> <span class='ocrx_word' id='word_1_327' title='bbox 835 2963 860 3000; x_wconf 93' lang='lat' dir='ltr'>et</span> <span class='ocrx_word' id='word_1_328' title='bbox 867 2952 957 3000; x_wconf 85' lang='lat' dir='ltr'>Rufius</span> 
     </span>
     <span class='ocr_line' id='line_1_41' title="bbox 42 3022 956 3088; baseline -0.001 -15"><span class='ocrx_word' id='word_1_329' title='bbox 42 3022 194 3088; x_wconf 84' lang='lat' dir='ltr'>Crispinus,</span> <span class='ocrx_word' id='word_1_330' title='bbox 211 3038 275 3086; x_wconf 87' lang='lat' dir='ltr'>quos</span> <span class='ocrx_word' id='word_1_331' title='bbox 292 3023 442 3071; x_wconf 80' lang='lat' dir='ltr'>lllessallinae</span> <span class='ocrx_word' id='word_1_332' title='bbox 458 3040 598 3082; x_wconf 87' lang='lat' dir='ltr'>memores,</span> <span class='ocrx_word' id='word_1_333' title='bbox 616 3035 642 3072; x_wconf 88' lang='lat' dir='ltr'>et</span> <span class='ocrx_word' id='word_1_334' title='bbox 656 3022 745 3071; x_wconf 89' lang='lat' dir='ltr'>liberis</span> <span class='ocrx_word' id='word_1_335' title='bbox 759 3025 812 3088; x_wconf 83' lang='lat' dir='ltr'>ejus</span> <span class='ocrx_word' id='word_1_336' title='bbox 824 3025 956 3072; x_wconf 87' lang='lat' dir='ltr'>devinctos</span> 
     </span>
     <span class='ocr_line' id='line_1_42' title="bbox 40 3094 957 3164; baseline -0.003 -18"><span class='ocrx_word' id='word_1_337' title='bbox 40 3096 171 3146; x_wconf 84' lang='lat' dir='ltr'>credebat.</span> <span class='ocrx_word' id='word_1_338' title='bbox 179 3094 262 3160; x_wconf 81' lang='lat' dir='ltr'>lgitur</span> <span class='ocrx_word' id='word_1_339' title='bbox 272 3096 400 3145; x_wconf 87' lang='lat' dir='ltr'>«distrahi</span> <span class='ocrx_word' id='word_1_340' title='bbox 407 3096 524 3164; x_wconf 79' lang='lat' dir='ltr'>cobortes</span> <span class='ocrx_word' id='word_1_341' title='bbox 531 3099 629 3148; x_wconf 85' lang='lat' dir='ltr'>ambitu</span> <span class='ocrx_word' id='word_1_342' title='bbox 638 3096 757 3158; x_wconf 86' lang='lat' dir='ltr'>duorum,</span> <span class='ocrx_word' id='word_1_343' title='bbox 764 3110 788 3146; x_wconf 92' lang='lat' dir='ltr'>et</span> <span class='ocrx_word' id='word_1_344' title='bbox 793 3099 815 3146; x_wconf 91' lang='lat' dir='ltr'>si</span> <span class='ocrx_word' id='word_1_345' title='bbox 822 3099 853 3146; x_wconf 89' lang='lat' dir='ltr'>ab</span> <span class='ocrx_word' id='word_1_346' title='bbox 861 3113 910 3146; x_wconf 84' lang='lat' dir='ltr'>uuo</span> <span class='ocrx_word' id='word_1_347' title='bbox 917 3113 957 3144; x_wconf 79' lang='lat' dir='ltr'>re-</span> 
     </span>
     <span class='ocr_line' id='line_1_43' title="bbox 42 3169 957 3238; baseline -0.003 -19"><span class='ocrx_word' id='word_1_348' title='bbox 42 3183 175 3238; x_wconf 74' lang='lat' dir='ltr'>gerentur,</span> <span class='ocrx_word' id='word_1_349' title='bbox 182 3172 346 3220; x_wconf 84' lang='lat' dir='ltr'>intentiorem</span> <span class='ocrx_word' id='word_1_350' title='bbox 353 3169 406 3221; x_wconf 78' lang='lat' dir='ltr'>sore</span> <span class='ocrx_word' id='word_1_351' title='bbox 416 3171 595 3237; x_wconf 74' lang='lat' dir='ltr'>disciplinetur&gt;</span> <span class='ocrx_word' id='word_1_352' title='bbox 605 3170 766 3234; x_wconf 79' lang='lat' dir='ltr'>adseverante</span> <span class='ocrx_word' id='word_1_353' title='bbox 776 3186 863 3230; x_wconf 82' lang='lat' dir='ltr'>uxore,</span> <span class='ocrx_word' id='word_1_354' title='bbox 873 3183 957 3217; x_wconf 86' lang='lat' dir='ltr'>traus-</span> 
     </span>
     <span class='ocr_line' id='line_1_44' title="bbox 41 3239 958 3310; baseline -0.007 -16"><span class='ocrx_word' id='word_1_355' title='bbox 41 3245 123 3294; x_wconf 79' lang='lat' dir='ltr'>lertur</span> <span class='ocrx_word' id='word_1_356' title='bbox 136 3243 251 3310; x_wconf 74' lang='lat' dir='ltr'>regimen</span> <span class='ocrx_word' id='word_1_357' title='bbox 262 3244 406 3293; x_wconf 85' lang='lat' dir='ltr'>cohortium</span> <span class='ocrx_word' id='word_1_358' title='bbox 418 3243 449 3292; x_wconf 89' lang='lat' dir='ltr'>sd</span> <span class='ocrx_word' id='word_1_359' title='bbox 458 3244 566 3294; x_wconf 82' lang='lat' dir='ltr'>burrum</span> <span class='ocrx_word' id='word_1_360' title='bbox 579 3243 712 3290; x_wconf 74' lang='lat' dir='ltr'>Afranium</span> <span class='ocrx_word' id='word_1_361' title='bbox 726 3243 829 3306; x_wconf 75' lang='lat' dir='ltr'>egregie</span> <span class='ocrx_word' id='word_1_362' title='bbox 840 3239 958 3290; x_wconf 85' lang='lat' dir='ltr'>militaris</span> 
     </span>
    </p>
   </div>
   <div class='ocr_carea' id='block_1_5' title="bbox 43 3315 957 3438">
    <p class='ocr_par' dir='ltr' id='par_1_6' title="bbox 43 3315 957 3438">
     <span class='ocr_line' id='line_1_45' title="bbox 43 3315 957 3438; baseline -0.012 -65"><span class='ocrx_word' id='word_1_363' title='bbox 43 3317 132 3382; x_wconf 79' lang='lat' dir='ltr'>tama,</span> <span class='ocrx_word' id='word_1_364' title='bbox 146 3333 253 3390; x_wconf 72' lang='lat' dir='ltr'>guarum</span> <span class='ocrx_word' id='word_1_365' title='bbox 270 3331 356 3370; x_wconf 86' lang='lat' dir='ltr'>tamen</span> <span class='ocrx_word' id='word_1_366' title='bbox 371 3320 444 3387; x_wconf 71' lang='lat' dir='ltr'>cuius</span> <span class='ocrx_word' id='word_1_367' title='bbox 461 3329 550 3394; x_wconf 72' lang='lat' dir='ltr'>sponte</span> <span class='ocrx_word' id='word_1_368' title='bbox 566 3315 744 3384; x_wconf 84' lang='lat' dir='ltr'>praeficeretur.</span> <span class='ocrx_word' id='word_1_369' title='bbox 755 3315 838 3438; x_wconf 53' lang='lat' dir='ltr'>{aigin</span> <span class='ocrx_word' id='word_1_370' title='bbox 856 3326 957 3377; x_wconf 79' lang='lat' dir='ltr'>quoque</span> 
     </span>
    </p>
   </div>
   <div class='ocr_carea' id='block_1_6' title="bbox 0 0 1066 3709">
    <p class='ocr_par' dir='ltr' id='par_1_7' title="bbox 0 0 1066 3709">
     <span class='ocr_line' id='line_1_46' title="bbox 0 0 1066 3709; baseline 0 0"><span class='ocrx_word' id='word_1_371' title='bbox 0 0 1066 3709; x_wconf 95' lang='lat' dir='ltr'> </span> 
     </span>
    </p>
   </div>
  </div>
 </body>
</html>
