2100 3709
109 105 160 158 436
423 110 719 152 accusauerat·

109 219 139 252 ac
148 200 283 264 Lingonas.
291 196 345 246 Nec
353 195 434 245 tulere
443 213 526 244 moras
535 192 695 254 consultandi
706 191 836 242 :certatim
848 196 1039 262 proclamant

111 295 127 326 u
135 276 216 324 furere
226 271 360 320 discordiis
370 270 492 335 populum
503 272 664 330 Romanum,
676 282 749 317 ceras
759 267 890 333 legiones,
907 284 1041 320 vastatam

92 373 98 378 ·
111 350 227 409 Italiam,
240 346 296 410 capi
309 361 389 408 quum
401 342 510 391 maximi
521 342 625 398 urbem,
639 357 728 389 omnes
738 344 864 391 exercitus
875 345 944 394 suis
957 361 1041 408 quern

110 445 159 493 quc
169 426 242 475 bellis
251 424 358 472 detineri
368 441 374 470 :
385 423 406 470 si
416 420 493 486 Alpes
502 419 625 487 praesidiis
634 421 773 480 firmentur,
785 420 881 469 coalitis
892 421 1039 478 libertate,

111 501 267 566 dispecturas
280 497 386 553 Gallias,
399 509 476 558 quens
488 496 581 542 virium
595 508 696 542 suarum
707 493 845 543 terminum
857 494 956 542 velint
965 513 994 542 n.

127 566 210 621 'Lvt
234 570 293 634 Haec
311 567 379 615 dicta
396 567 490 633 pariter
510 566 689 634 probataque:
707 565 739 613 de
756 566 872 630 reliquiis
893 565 1036 614 Vitelliani

109 644 235 696 exercitiis
245 641 403 690 dubitavere.
411 631 530 703 Plerique
542 637 768 688 «interficiendos»
781 639 948 694 censebant,
961 650 1033 687 ‹rtur-

110 717 199 777 lsidos,
214 717 316 773 infidos,
330 715 451 778 sangnine
460 712 553 762 ducum
564 713 708 778 pollutosn.
720 713 791 761 Vicit
800 714 868 762 ratio
881 713 1032 779 parcendi:

110 812 126 844 st
138 810 186 850 ne,
200 791 299 841 sublatd
317 806 360 855 spe
378 789 474 846 venie,
489 787 657 855 pertinaciam
672 787 845 836 accenderent.
866 787 1033 836 Alliciendos

110 865 197 935 potitis
211 867 238 914 in
251 865 412 912 societatem:
424 860 515 926 legatis
527 858 628 931 tantirm
642 861 769 926 legionum
782 859 955 918 interfectis,
968 873 1030 910 cete·

110 955 169 990 rum
181 937 283 1000 vulgus,
296 933 450 983 conscientii
463 931 602 995 scelerum,
615 943 641 982 et
653 949 696 999 spe
708 935 888 1000 impunitatis,
900 933 983 982 facile
994 951 1031 981 ae·

110 996 270 1061 munuum».
282 1010 317 1056 Ea
328 1006 405 1074 primi
415 1005 515 1054 consilii
527 1005 607 1054 forma
620 1025 626 1055 ε
638 1009 755 1073 missique
766 1023 811 1074 per
825 1007 930 1058 Gallias
947 1009 1042 1057 conci-l

107 1097 179 1133 tores
189 1082 260 1132 belli.
274 1081 428 1129 simulatum
440 1078 502 1144 ipsis
514 1078 680 1144 obsequium,
695 1081 744 1146 qub
757 1081 932 1129 incautiorem
947 1082 1027 1128 Vocu-

68 1201 79 1219 ,
110 1157 163 1207 lam
174 1156 358 1223 opprimerent.
371 1153 425 1202 Nec
436 1151 552 1212 defuere,
565 1155 609 1216 qui
621 1155 723 1202 Vocula
732 1155 890 1203 nuntiarent.
904 1153 962 1203 Sed
972 1156 1036 1202 vires·

110 1229 141 1280 ad
148 1228 316 1279 coercendum
325 1228 439 1286 demant,
447 1226 645 1291 infrequentibus
654 1227 785 1294 infidisque
792 1227 954 1292 legionibus.
965 1229 1026 1276 Inter
1041 1279 1042 1290 ἶ

111 1306 243 1370 ambiguos
251 1303 355 1360 milites,
363 1302 508 1350 etoccultos
515 1301 608 1362 hostes,
618 1305 741 1368 optimum
752 1301 947 1367 epsaesentibus
955 1313 1024 1362 ratus,
1040 1311 1042 1386 p

41 1401 44 1420 ι
111 1379 201 1428 mutua
213 1376 428 1437 dissimulatione,
439 1387 463 1423 et
472 1373 561 1422 iisdem
571 1411 577 1432 ,
587 1377 678 1440 quibus
687 1376 834 1442 petebatur,
847 1376 952 1424 artibus
963 1391 1025 1440 gras·

111 1454 207 1519 sari5in
216 1451 341 1500 coloniam
347 1447 559 1514 Agrippinensem
569 1447 707 1499 descendit.
717 1447 783 1497 Illuc
791 1449 918 1498 Claudius
927 1447 1024 1506 Labeo,

112 1543 188 1592 quem
195 1533 310 1589 saptsrm,
321 1534 346 1570 et
353 1531 422 1571 extra
430 1532 586 1570 conuentum
593 1522 757 1570 amandatum
764 1523 788 1570 in
796 1521 892 1571 Frisios
901 1521 1024 1586 diximus,

112 1600 240 1665 corruptis
248 1590 396 1645 custodibus
405 1595 515 1660 perfugit
524 1611 530 1640 s
539 1595 732 1660 pollicitusque,
744 1612 758 1642 t<
768 1595 788 1644 si
799 1595 948 1661 praesidium
961 1595 1023 1645 dare-

112 1689 169 1737 tur,
189 1677 282 1720 iturum
295 1672 321 1719 in
334 1669 454 1728 Batavos,
468 1677 492 1713 et
503 1667 630 1730 potiorem
642 1669 752 1718 civitatis
767 1681 864 1734 partem
874 1669 907 1717 ad
920 1673 1025 1720 societa-

114 1764 166 1801 tem
177 1748 317 1796 Romanam
330 1753 497 1791 retracturum
506 1759 520 1788 >r
538 1757 543 1788 :
557 1742 659 1808 accepti
669 1741 786 1807 peditum
796 1741 964 1810 equitumque
977 1763 1025 1796 mo-
1041 1765 1042 1808 j

113 1823 269 1886 dicd'manp,
279 1817 345 1866 uilril
354 1815 422 1880 apud
432 1816 542 1863 Batavos
553 1831 628 1864 ansus
634 1852 642 1875 ,
653 1815 777 1880 quosdam
786 1819 941 1869 Nerviorum
955 1823 1025 1872 Beta-

114 1901 260 1957 siorumqsae
270 1894 296 1940 in
304 1907 373 1939 arma
386 1889 471 1938 traxit.
483 1890 516 1936 Et
525 1888 613 1936 furtim
627 1890 720 1954 magis,
732 1891 806 1958 quim
817 1893 902 1953 bello,
920 1899 1024 1958 canina.

112 1967 176 2018 fates
186 1969 361 2028 Marsacosque
375 1961 528 2010 incursabat.
541 1961 656 2024 Vocula,
669 1961 801 2014 Gallorum
811 1963 901 2014 fraude
910 1967 1024 2036 illectus,

112 2040 145 2090 sd
156 2040 251 2088 hostem
261 2034 402 2085 contendit.

146 2111 228 2165 LVII.
240 2112 293 2162 Nec
303 2111 394 2178 procul
405 2101 547 2160 veteribus*
554 2109 641 2161 aberat
651 2148 658 2172 ,
671 2128 749 2178 quum
764 2111 889 2162 Classicus
900 2129 929 2162 ac
944 2115 1020 2163 Tutor

112 2205 160 2257 per
181 2187 290 2254 speciem
299 2182 457 2253 ,explorandi
473 2187 617 2250 praegressi,
637 2202 695 2234 cum
714 2185 821 2234 ducibus
838 2188 1019 2237 Germanorum
1029 2156 1040 2263 l

113 2273 188 2329 pacta
199 2258 339 2310 firmavere.
355 2258 472 2320 Tumque
487 2258 600 2324 primism
613 2258 714 2309 discreti
724 2259 738 2306 is
748 2261 903 2324 legionibus,
921 2263 1019 2328 proprio
1030 2284 1034 2321 χ

114 2334 183 2382 vallo
193 2345 274 2382 caetra
285 2347 329 2379 sua
339 2329 498 2379 circumdant
503 2368 514 2392 ,
524 2334 669 2382 obtestante
677 2331 791 2389 Voculd‚
803 2351 818 2384 tt
828 2333 887 2382 Non
897 2333 961 2384 adeo
971 2347 1018 2383 tur·

113 2408 200 2458 ba'tam
211 2405 329 2454 civilibus
343 2405 418 2453 armis
432 2419 486 2451 rem
502 2402 658 2463 Romanum,
672 2417 700 2454 ut
711 2406 828 2458 Treveris
841 2408 919 2458 etiarn
932 2407 1018 2472 Lingo-

114 2483 241 2544 uibusque
248 2476 378 2542 despectui
388 2478 427 2525 sit.
442 2478 578 2543 Superesse
588 2478 650 2527 fidas
664 2479 822 2545 provincias,
833 2479 941 2528 victores
953 2496 1018 2529 exer·

118 2557 200 2613 citus,
213 2553 342 2603 fortunam
355 2552 469 2617 imperii,
481 2564 507 2600 et
518 2553 615 2602 ultores
633 2553 704 2603 deos.
717 2555 756 2602 stc
771 2553 831 2603 olim
843 2589 851 2612 ,
867 2554 1016 2602 Sacrovirum

118 2639 144 2677 et
151 2627 257 2683 AEduos,
267 2642 357 2692 nuper,
366 2625 501 2675 Vindicem
511 2627 657 2693 Galliasque
665 2627 768 2692 siugulis
775 2627 868 2692 praeliis
876 2627 1015 2676 concidisse.

116 2701 213 2751 Eadem
227 2714 313 2747 rursus
325 2699 443 2759 numina,
456 2697 544 2746 eadem
553 2699 619 2757 fata,
633 2691 751 2766 ruptores
762 2699 884 2748 foederum
896 2713 1015 2765 exspecta·

116 2785 183 2822 rent.
197 2770 289 2820 Meliirs
304 2771 365 2820 diro
380 2770 447 2819 lulio
458 2807 465 2825 ,
478 2770 589 2837 diroque
604 2775 719 2838 Augusto
732 2783 805 2820 notos
819 2789 906 2821 eurum
917 2777 1015 2823 animos.

117 2847 235 2902 Galbam,
247 2855 272 2891 et
280 2844 385 2893 infracta
394 2845 498 2906 tributa,
511 2846 617 2895 hostiles
629 2846 737 2913 spiritus·
744 2845 865 2894 induisse.
877 2845 950 2895 Nunc
960 2847 1014 2896 bos·

116 2930 164 2977 tes,
176 2917 234 2979 quia
244 2917 322 2964 molle
333 2918 464 2979 seruitium
473 2935 479 2966 :
488 2936 566 2983 quum
575 2921 675 2986 spoliati
683 2920 814 2984 exsutiqtte
824 2918 921 2980 fuerint,
930 2924 1015 2971 amicos

117 2988 204 3040 fores?
215 2989 273 3037 llaec
284 2987 401 3038 ferociter
409 2992 672 3059 locutus,·postquam
683 3004 796 3058 perstare
804 2991 831 3040 in
840 2991 941 3057 persidii
951 2995 1015 3042 Clas·

119 3068 199 3114 sicum
207 3054 382 3129 Tutoremque
392 3061 471 3120 ridet,
483 3079 556 3112 verso
566 3066 664 3126 itinere,
674 3065 813 3114 Noresium
823 3066 943 3114 concedit.
953 3067 1014 3115 Galli

119 3136 198 3185 dudm
210 3135 319 3182 millium
337 3135 418 3201 spatio
436 3134 589 3189 ‹listasttibus
605 3139 701 3204 campis
714 3137 859 3187 consedbe.
874 3139 934 3187 llluc
950 3155 1010 3188 com·

117 3209 257 3257 meantium
273 3210 450 3279 centurionum
461 3210 621 3275 militumque
633 3209 782 3260 emebantur
797 3211 889 3273 animi,
900 3224 929 3261 nt
938 3211 1011 3277 (flagi-
1026 3229 1030 3318 p

59 3309 64 3314 ·
119 3285 185 3330 tium
197 3282 368 3348 incognitum)
378 3285 507 3332 Romanus
518 3287 645 3334 exercitus
657 3287 682 3334 in
694 3297 799 3334 esterna
809 3284 884 3332 rerba
895 3283 996 3348 jurarent
1003 3319 1009 3342 ‚

117 3355 261 3434 pignusque
271 3356 338 3408 tanti
345 3356 444 3407 sceleris
456 3370 516 3406 nece
529 3367 573 3408 aut
581 3357 689 3411 vinculis
700 3357 845 3425 legatorum
853 3355 955 3408 daretur.
964 3357 1008 3416 Vof

1029 2607 1036 2619 ἱ

702 3537 710 3561 l
