2100 3709
49 69 97 126 188
258 127 260 130 ,
366 83 391 124 e.
409 83 501 120 coar.
520 76 634 118 rtem
715 133 718 136 ‚

49 182 108 216 nem
118 165 233 234 aggredi,
243 181 339 217 cautem
353 159 437 230 potibs
447 165 593 214 cubiculum
601 180 631 212 ae
640 162 747 211 sinomu
760 160 865 218 offerre,
876 174 972 210 aeon·
1035 176 1037 183 ·

50 241 180 306 tegendis,
192 258 246 306 quae
260 243 343 306 prima
353 251 410 288 aetas
423 253 447 290 et
462 255 560 290 summa
572 237 675 287 fortuna
692 248 871 302 expeterent».
889 231 968 294 Quin

51 327 77 363 et
85 313 210 364 fatebatur
223 314 447 379 «intempestivam
458 315 652 365 severitatem»,
661 323 687 359 et
697 327 800 358 suarum
809 324 897 375 opum,
905 325 966 373 que

50 386 119 437 baud
132 389 222 453 procul
232 386 399 452 imperatoriis
408 387 530 445 oberant,
542 386 626 451 copias
637 382 752 432 tradebat
764 401 769 432 2
783 393 813 431 ut
822 383 900 430 nimia
910 397 968 428 nu·

51 475 98 526 per
107 459 248 512 coercendo
260 460 326 514 lilio,
339 460 373 509 ita
382 457 483 508 rursiam
495 455 821 523 intemperanter-demissa.
833 457 896 520 Quae
902 467 969 502 mn-

53 533 118 581 tatio
134 550 216 598 neque
233 532 363 583 Neronem
375 531 476 590 selellit,
490 543 515 580 et
529 532 639 597 proximi
657 531 797 578 amicornm
814 530 970 578 metuebant

57 605 232 668 orabantque,
252 619 358 652 «cavere
373 604 475 652 insidias
487 604 614 664 mulieris,
629 617 728 666 semper
743 602 851 661 atrocis,
865 612 922 648 tum
938 609 971 648 et

53 676 124 742 falsae
132 696 157 728 u.
170 677 245 726 Forte
254 676 302 723 illis
314 675 403 724 diebus
414 679 504 743 Cesar,
518 678 633 740 inspecto
645 686 749 733 ornatu,
759 691 810 737 quo
818 674 971 739 principum

56 753 216 820 conjugatae
233 761 348 812 parentes
362 746 521 806 effulserant,
538 749 627 810 deligit
637 758 906 810 resternetgemmas‚
920 747 973 794 mi·

57 826 142 890 sitque
158 823 254 872 donum
266 824 356 872 matri:
370 822 439 872 nulli
454 823 625 887 parcimoniai,
638 839 718 886 epium
728 825 851 887 praecipua
861 857 869 883 ,
881 834 908 869 et
919 838 971 868 ctr-

57 899 112 964 pita
125 895 179 944 aliia
189 932 196 956 ,
206 897 277 962 prior
296 895 414 946 deterret.
427 896 475 946 Sed
489 897 629 962 Agrippina
641 913 713 945 onon
727 896 766 944 bis
777 897 869 943 instrui
881 895 972 943 cultus
1035 905 1037 918 ¹

58 985 131 1028 euos,
144 967 188 1016 sed
203 969 293 1018 ceteris
311 971 423 1027 ainerio,
438 972 595 1034 proclamat,
608 969 782 1020 aetdiridere
797 969 897 1028 filiurn,
913 983 972 1032 quae
1035 1028 1037 1035 γ

58 1052 151 1090 cuncta
163 1059 193 1090 ex
206 1041 258 1107 ipsi
272 1041 408 1092 baberet».
421 1043 476 1094 Nec
490 1043 592 1093 deluere
605 1045 686 1109 quiin
696 1042 808 1092 deterius
818 1039 952 1100 referrent.

70 1107 72 1112 ¹
91 1112 164 1164 XIV.
177 1113 210 1164 Et
219 1114 302 1178 Nero,
316 1118 428 1168 infensus
438 1118 482 1178 iis,
492 1117 585 1182 quibus
596 1117 713 1182 superbia
725 1106 857 1164 muliebris
871 1116 974 1162 innite-

57 1187 149 1251 batur,
160 1187 278 1237 demoret
287 1189 427 1240 Pallantem
436 1191 495 1241 cur-ai
503 1203 605 1248 rerum,
615 1189 672 1253 quis
680 1189 694 1237 l
701 1186 807 1236 Clarrrlio
817 1190 971 1253 impositus,

61 1261 975 1330 relutarbilrumregniagebat.Ferebaturque‚degredienteemmagni
1035 1293 1037 1296 >

59 1336 268 1400 prosequentium
277 1337 450 1399 multitudine,
460 1354 511 1386 non
518 1335 627 1386 absurdi
636 1336 743 1384 dixisse:
756 1330 976 1394 alrel’allantem,

61 1419 92 1456 ut
104 1407 242 1470 ejuraret».
254 1411 452 1479 Sonipepigerat
463 1411 560 1468 Pallas,
573 1410 702 1474 aneeujus
712 1409 770 1457 lacti
780 1410 804 1456 in
815 1411 974 1474 praeteritum

61 1476 274 1547 interrogaretur,
288 1501 409 1550 paresque
425 1485 535 1535 rationes
549 1482 745 1550 cumrepublici
756 1482 890 1531 haberem.
902 1483 977 1530 Pra-

64 1549 197 1621 ceps'post
217 1555 269 1605 haec
289 1559 430 1624 Agrippina
447 1571 520 1606 ruere
539 1554 571 1602 ed
589 1567 711 1602 terrorem
729 1566 754 1601 et
774 1556 870 1614 minas,
889 1567 976 1618 neque

63 1629 187 1694 principis
199 1631 303 1679 aurilius
315 1630 442 1677 abstinere
453 1663 458 1682 ,
471 1625 606 1689 quominus
615 1635 766 1686 testaretur,
779 1625 913 1676 eadrrltnm
923 1630 979 1690 jam

65 1713 120 1746 esse
131 1699 318 1755 Britannicum,
335 1715 420 1768 reram
436 1696 589 1762 dignamque
601 1697 706 1760 stirpem
717 1697 879 1764 suscipiendo
896 1700 980 1762 patris

65 1771 189 1836 imperio,
200 1771 270 1836 quod
279 1772 370 1821 insitus
377 1783 405 1820 et
413 1770 562 1836 adoptivus,
573 1785 619 1833 per
630 1769 731 1828 injurias
740 1768 979 1820 matrieererceret.

66 1843 126 1893 Non
142 1843 252 1893 abnuere
265 1859 303 1906 se,
314 1845 377 1907 quin
394 1848 494 1892 cuncta'
503 1841 609 1892 infelicia
624 1841 717 1889 dormis
732 1844 797 1891 mala
812 1845 981 1908 patefierent,

68 1933 118 1965 sua
136 1916 162 1964 in
179 1917 267 1981 primia
284 1916 395 1979 nuptiae,
409 1931 482 1964 suum
497 1912 660 1963 veneficium.
680 1913 712 1961 Id
730 1916 812 1966 solum
826 1915 876 1964 diis
889 1929 916 1965 et
926 1917 983 1965 sibi
1035 1939 1037 1942 >

68 1990 213 2053 provisum,
227 1985 298 2049 qudd
308 1987 404 2034 viveret
414 1987 554 2052 privignus.
565 1989 660 2036 Ituraur
671 2003 729 2034 cum
736 1989 781 2035 illo
789 1991 814 2035 iu
824 2001 914 2037 castra.
923 1988 982 2038 Au·

69 2059 164 2107 ditetur
178 2055 236 2105 hinc
250 2059 396 2107 Germanici
409 2061 476 2128 filia,
494 2049 585 2110 debilis
598 2060 683 2109 rorsirs
693 2062 788 2110 Burrus
805 2073 831 2109 et
843 2063 916 2110 exsul
930 2064 982 2114 Se-

69 2147 147 2196 neca,
161 2129 250 2180 truncei
262 2132 366 2184 ‘scilicet
384 2151 478 2198 marin,
491 2149 517 2184 et
527 2134 680 2201 prolessorii
698 2133 798 2203 lingui,
811 2137 909 2199 generis
927 2135 982 2185 hu-

69 2207 139 2255 mani
149 2206 261 2270 regimen
273 2212 463 2274 expostulantes
472 2229 496 2262 n.
511 2211 594 2258 Simul
603 2207 733 2257 intendere
746 2225 848 2268 manus,
861 2224 983 2272 aggereres
1035 2212 1037 2227 ¹

69 2279 178 2344 probra,
190 2295 386 2347 «consecratum
398 2285 548 2351 Claudium,
561 2283 671 2334 internos
678 2282 819 2331 Silanorum
827 2298 933 2351 manes»
941 2284 983 2334 in-

70 2367 178 2412 vocare,
190 2363 217 2400 et
229 2363 289 2401 etot
300 2355 366 2420 irrita
380 2357 489 2405 facinora
497 2373 523 2406 o.

105 2423 168 2476 XV·
181 2423 310 2476 Turbatus
320 2427 359 2477 liis
370 2431 451 2486 Nero,
465 2441 489 2477 et
500 2427 645 2494 propinquo
657 2426 709 2483 die,
724 2444 774 2490 quo
783 2438 899 2491 quartum
909 2426 984 2476 deci·

73 2515 146 2563 mum
156 2501 234 2550 aetati·
245 2518 340 2552 anniam
352 2503 511 2552 Britannicos
520 2501 653 2565 explebat,
668 2502 782 2549 volutare
792 2514 876 2548 secum
884 2537 892 2562 ,
901 2501 986 2551 modb

73 2577 163 2624 matris
172 2576 338 2635 violentiam,
349 2576 425 2624 modi>
437 2575 515 2639 ipsius
524 2573 650 2630 indolem,
660 2585 688 2621 ut
697 2572 799 2636 quidem
806 2575 983 2638 experimento

72 2655 157 2710 nuper
168 2649 311 2709 cognitam,
326 2665 375 2710 quo
386 2659 471 2695 tamen
485 2646 600 2693 favorem
609 2643 660 2692 leti
669 2645 832 2707 quaesivisset.
845 2644 928 2695 Fertis
936 2649 983 2695 Se-

73 2728 150 2765 turno
162 2716 251 2765 diebus
258 2755 266 2782 ,
280 2721 343 2767 inter
357 2721 405 2782 alia
416 2720 549 2783 equalium
558 2715 671 2780 ludicra,
686 2731 795 2780 regnum,
801 2717 858 2764 lusu
868 2723 981 2768 sortien-

73 2791 153 2850 tium,
164 2807 188 2836 er
196 2804 282 2840 enerat
293 2808 321 2840 ea
335 2807 389 2842 sors
402 2792 506 2840 Neroni.
519 2789 601 2856 Igitur
610 2791 701 2839 ceteris
714 2789 814 2839 diversa
824 2826 830 2846 ,
842 2807 890 2840 nec
899 2787 982 2849 rubo-

74 2879 129 2912 rem
143 2864 266 2912 allatura:
281 2865 326 2913 ubi
344 2865 489 2914 Britannico
505 2863 577 2927 jussit
593 2872 774 2926 «exsurgeret,
788 2879 981 2930 progressusque

75 2935 102 2985 in
121 2937 248 2997 medium,
266 2950 368 2987 cantum
382 2941 493 3004 aliquem
507 2939 658 3004 inciperem,
675 2939 777 2986 irrisum
793 2953 825 2985 ex
839 2953 870 2983 eo
882 2954 982 3001 sperant

75 3009 164 3076 pueri,
178 3011 279 3059 sobrios
293 3029 393 3078 quoqne
403 3013 553 3070 convietus,
567 3011 662 3060 nedum
675 3012 845 3066 temulentos,
863 3011 981 3073 ignoran-

77 3083 111 3132 tia
121 3101 126 3130 ι
138 3083 179 3131 ille
190 3079 335 3146 constanter
347 3096 450 3136 exorsus
459 3099 497 3137 est
506 3103 619 3143 carmen,
627 3103 687 3150 quo,
699 3085 916 3134 ‹terolrrtumeum
926 3087 982 3136 sede

76 3157 156 3224 patriai
175 3159 299 3224 rebusque
318 3163 455 3224 summis»,
474 3162 671 3227 significabatur.
690 3157 765 3209 Unde
784 3169 840 3206 orta
856 3159 981 3208 miseratio

78 3231 981 3296 manifestior,quiadissimulationemnotetlasciviaexemerat.Ncro‚

79 3303 979 3379 intellectiinrldri‚odiumintendit.UrgentibusqueAgrippinemiuis,
