2100 3709
467 10 496 68 ἢ

344 84 525 130 terrerum
548 89 615 129 ιιι.
633 91 661 128 ιι.
906 83 956 136 ηδ

51 153 253 244 odgrippibam
263 161 432 226 sollemnem
442 173 533 224 liitere
542 211 549 233 ,
559 187 622 240 quas
632 169 733 240 pridem
746 170 841 225 sciro
849 185 875 226 et
887 175 960 228 cobi-

46 250 108 300 bitas
118 251 157 300 ab
170 249 284 318 Augusti
297 247 406 298 credidit
415 247 505 313 vulgus
515 266 522 296 ι
539 246 607 298 haud
618 248 688 296 enim
699 244 810 296 multirm
821 261 876 314 post
885 266 958 300 mor·

47 335 96 371 tem
117 323 179 388 ejus
191 326 304 373 recitata
319 333 387 372 sunt·
404 319 490 373 Verba
505 322 606 372 inerant
621 318 724 386 quaesiti
737 321 890 385 asperitate:
912 320 958 374 sed

45 413 94 446 non
105 413 196 456 arma,
209 413 262 446 ιιοιι
275 411 361 445 rerum
376 410 502 444 neruum
515 393 628 445 studium
638 412 646 462 ι
662 411 768 447 umores
770 393 903 464 juvenum
914 434 923 456 ,
933 407 961 450 et

44 472 348 536 impudicitiom'uepoti
359 468 518 533 objectsbst:
531 470 558 518 in
571 485 664 519 nurum
673 483 705 518 ue
717 466 742 516 id
750 465 854 531 quidem
863 471 962 519 confin-

42 558 100 607 gere
115 559 213 603 ausus,
228 547 427 614 adrogantiam
443 546 542 596 orirer
554 554 741 596 contumacem
754 543 877 594 animum
889 543 962 592 incu-

42 621 121 683 savit,
132 636 232 685 magno
243 617 345 668 ueretris
355 625 492 686 parore‘sc
506 619 621 669 silentio:
632 617 713 666 donec
723 615 812 683 pauci,
826 615 882 682 quis
890 615 961 666 nulle
1044 655 1045 660 ,

41 709 73 742 er
83 694 202 744 bonetto
213 710 271 760 spes
286 692 327 759 (et
343 693 446 760 publica
463 693 531 742 mals
545 691 650 759 singulis
665 693 690 740 in
707 691 866 740 occasionem
877 690 963 755 gratim

42 767 210 832 trahuntur),
221 776 254 818 tet
262 766 407 832 referretur
415 765 578 831 postulavere
588 801 594 822 ,
605 765 795 830 promptissimo
807 761 883 812 Cotti
894 765 963 812 Mes-

41 841 138 891 sallino
150 857 211 902 curn
223 841 306 889 slrcci
316 838 440 888 sententid
453 856 459 887 ι
471 837 517 886 sed
528 836 607 887 aliisi
620 837 788 904 primoribus,
803 838 962 906 maximique

40 913 54 962 i
67 914 265 980 magistratibus
280 912 471 979 trepidabetnr:
487 913 583 980 qnippe
600 911 733 973 Tiberine,
752 911 800 961 etsi
811 911 907 962 infensi
918 912 962 962 in-

42 1001 150 1052 tectus,
161 1001 246 1037 cetera
257 986 375 1052 ambigua
386 988 533 1050 reliquerat.

71 1063 124 1110 1v.
136 1064 198 1111 Fuit
207 1064 234 1112 iu
246 1072 335 1110 senatu
345 1060 576 1117 Jrrniusliusticus,
589 1057 775 1128 componendis
786 1070 886 1126 petrum
898 1063 962 1112 sctis

41 1132 186 1185 delectori
196 1137 294 1185 Caesare
302 1135 397 1199 ,abque
407 1134 587 1184 meditationes
597 1136 650 1196 eius
660 1136 823 1200 introspicere
832 1134 944 1185 creditus
956 1155 962 1186 ι
1021 1179 1024 1191 ,

40 1209 62 1256 is
77 1209 155 1258 fatali
168 1208 283 1274 quodam
299 1209 372 1256 rno'tn
387 1207 483 1274 (neque
499 1210 568 1256 enim
592 1207 649 1256 enti
667 1210 795 1274 specimen
814 1211 962 1260 constantia

44 1283 179 1351 dederat),
189 1301 234 1333 seu
240 1280 319 1350 previ
328 1282 445 1331 ιοΙιιιίἰ.
458 1281 536 1344 dum,
546 1283 735 1330 imminentium
745 1281 839 1329 oblitus
846 1317 852 1340 ,
865 1285 962 1334 iricerta

42 1371 138 1425 pavet,
146 1359 258 1408 inserere
270 1374 298 1406 se
310 1356 502 1412 dubitantibus,
514 1373 543 1404 ac
554 1371 658 1402 monere
673 1355 789 1402 consules
800 1373 833 1407 ne
846 1359 963 1411 relatio-

43 1449 106 1484 nem
127 1436 305 1501 incipet-:ent
322 1427 532 1490 disserebatque,
548 1426 692 1476 ubrevibus
709 1427 846 1474 momentis
864 1447 963 1480 summa
1044 1441 1045 1444 ’

43 1507 110 1554 verti
119 1501 368 1572 posse,qusndoque
378 1501 537 1552 Germanicis
551 1501 636 1549 titium
647 1497 799 1564 poenitentioe
811 1501 908 1550 senice.
921 1505 964 1551 Si·

43 1581 98 1628 mul
113 1577 332 1650 populuseligies
347 1560 493 1643 Agrippinae
508 1591 538 1625 ac
555 1575 668 1627 Neronis
682 1589 789 1639 gerens,
800 1572 965 1626 circumsistit

46 1657 158 1709 ιιιίιιιι,
168 1645 307 1715 festisque
301 1669 326 1700 sn
336 1653 461 1700 Caesarem
471 1647 613 1705 ominibus,
627 1647 722 1696 useless
732 1646 844 1707 litteras,
854 1659 882 1696 et
889 1651 965 1716 prin-

42 1728 98 1792 cipe
108 1726 196 1776 inrito
205 1725 312 1774 exitium
321 1723 438 1774 domui'
417 1741 471 1789 ejus
482 1723 613 1787 intendi»,
622 1723 755 1772 clamitat.
767 1721 801 1770 ita
811 1721 875 1772 nihil
887 1727 961 1772 triste

42 1797 85 1850 illo
96 1802 141 1851 die
151 1811 300 1868 patratum:
313 1794 459 1853 ferebantur
470 1801 548 1850 etiam
560 1799 607 1850 sub
622 1797 770 1848 nominibus
790 1797 963 1849 consularium

41 1872 106 1944 lictae
116 1877 146 1924 in
151 1873 274 1939 sejanum
284 1878 413 1934 sententia
423 1912 430 1931 ,
440 1875 617 1926 exercentibus
624 1875 752 1940 plerisque
762 1885 807 1937 per
818 1870 963 1928 occultum,

42 1961 120 2016 atque
132 1953 165 2000 eo
176 1946 309 2016 procaciris
320 1949 471 2006 ‚libidinem
484 1951 644 2015 ingeniorum
657 1966 662 1998 ι
679 1947 747 1997 unde
760 1946 797 1994 illi
812 1945 848 1996 irs
859 1946 963 1995 violen-

42 2027 111 2084 tior,
123 2035 152 2074 et
164 2025 283 2071 materies
295 2021 463 2076 criminandi,
473 2034 609 2088 napi-etum
621 2022 738 2070 dolorem
749 2020 870 2086 principis
880 2020 911 2068 ab
920 2036 963 2069 se

42 2097 262 2166 natu,descrr1sse
269 2096 408 2158 populum
402 2092 515 2140 audiri
510 2109 561 2156 ιιιιι
569 2095 649 2158 etlegr
656 2109 736 2142 notes
745 2109 889 2156 conciones
896 2109 966 2142 nova

10 2170 11 2173 ¹
40 2186 148 2239 patrum
160 2168 295 2219 consulta
313 2163 376 2228 qnid
388 2164 532 2227 reliquum
547 2165 596 2210 niei
612 2177 642 2211 ut
658 2177 777 2228 caperent
792 2165 906 2214 serrum?
919 2177 963 2223 et,

7 2246 15 2301 ζῑ
26 2276 31 2284 ·
41 2264 158 2312 quorum
167 2242 294 2309 imagines
305 2258 353 2310 pro
367 2241 469 2290 vexillis
481 2240 562 2289 secuti
574 2238 674 2300 forent,
688 2238 787 2288 duces'
782 2251 963 2314 imperotores-

11 2308 15 2345 ³'
10 2338 93 2401 que
102 2316 265 2384 deligerent?

7 2406 15 2465 ἰ
79 2395 116 2442 V.
131 2393 214 2452 igitur
227 2394 310 2440 Caesar
319 2390 435 2457 repetitis
445 2385 583 2438 adversum
594 2399 712 2454 nepotem
724 2399 749 2435 et
757 2403 848 2436 nurum
856 2390 964 2455 probris,

44 2463 229 2544 increpitdque
245 2479 289 2528 per
306 2465 421 2513 edictum
440 2462 531 2528 plebe,
549 2473 651 2524 questus
667 2459 735 2526 epnd
752 2470 850 2524 patres,
874 2461 964 2524 uqubd

41 2535 138 2589 iraude
151 2535 225 2583 unius
238 2538 359 2587 senatoris
372 2535 533 2602 imperatoria
548 2533 664 2598 majestas
676 2534 746 2583 elusa
762 2531 862 2599 publice
880 2533 961 2600 fcret;

6 2622 13 2646 ἰ
44 2614 180 2676 integra
163 2617 246 2668 tomen
261 2612 310 2659 sibi
327 2623 418 2661 cuncte
428 2627 442 2659 c
458 2611 616 2676 postulavit:
628 2627 675 2658 nec
693 2607 759 2658 uitri
779 2604 962 2694 deliberatum,

8 2684 188 2753 'quominus
204 2701 255 2739 non
271 2686 374 2749 quidem
387 2698 500 2735 extrema
518 2684 697 2747 decernerent,
715 2681 740 2732 id
751 2681 820 2732 enim
834 2683 960 2746 vetitum,

45 2759 92 2811 sed
106 2769 232 2824 operatos
241 2757 273 2807 ad
283 2759 408 2810 ultionem
418 2798 425 2825 ,
437 2760 461 2808 vi
473 2759 597 2825 principis
606 2757 743 2826 impediri»
757 2769 915 2810 testarentur.

5 2840 11 2914 s
77 2832 128 2886 Vl.
144 2834 261 2896 Quatnor
272 2845 298 2881 et
313 2833 477 2898 qnadraginta
489 2833 617 2880 orationes
628 2849 705 2898 super
722 2831 751 2880 eri
766 2849 793 2879 re
807 2833 910 2895 habitu,
928 2849 961 2885 ex

5 2905 149 2973 'quieob
160 2915 258 2953 metum
268 2923 369 2971 pauore,
381 2908 466 2974 plures
476 2904 659 2966 adsuetudine
671 2921 686 2955 ιι
695 2938 754 2958 ......
763 2905 958 2974 mihipudorem

4 2942 11 3035 l
46 2979 559 3044 ιιιὸειιιοἰιινίάιιιιιιιΙΙιιιιιιιιιιιιιιιιιί
564 3014 614 3032 .....
628 2981 867 3048 verraestfortuna,
879 2983 958 3032 etille

5 3088 6 3109 ι
8 3047 337 3123 quidemquscollegam
346 3067 499 3121 ergenerum
510 3055 668 3121 adsciverat
678 3056 742 3105 srbr
737 3057 859 3122 ignoscit
870 3056 957 3114 ceteri,

50 3145 124 3195 quem
138 3143 186 3194 per
199 3125 322 3178 dedecore
336 3129 435 3196 fovere,
451 3146 511 3180 cnm
525 3131 635 3180 scelere
630 3140 813 3179 nrsectantur
818 3127 959 3177 .Miserius

51 3206 81 3253 sit
94 3204 128 3253 ob
143 3200 285 3251 amicitiam
296 3206 423 3264 accusari,
436 3221 468 3253 an
484 3204 595 3252 amicum
607 3218 737 3265 recusare,
750 3201 817 3250 haud
831 3201 957 3250 discrete

53 3281 129 3328 rim..
135 3270 213 3324 Non
225 3261 417 3336 crudelitatem,
435 3295 488 3326 non
502 3278 662 3324 clementiam
674 3292 821 3340 οιιιιιιιιιιιω
833 3275 958 3338 experiar

52 3351 97 3402 sed
110 3350 301 3401 liberetmilri
294 3354 344 3419 ipsi
357 3355 480 3425 probatus
492 3351 579 3400 antibo
595 3347 747 3416 periculum.
760 3349 814 3394 Vos
824 3346 961 3414 obstestor,

648 3415 815 3472 ·Ιιί
