2100 3709
73 70 124 139 17⁸
393 79 534 116 ocoau.
553 75 668 118 nactur
742 115 770 124 ,,
827 64 829 68 ’
877 105 882 118 .
921 121 925 132 Ι

73 164 147 218 sertii
158 175 196 216 ter
208 159 299 211 millies
307 172 452 228 pertusos,
463 161 571 226 antique
584 157 745 229 parcimonie
756 159 877 216 laudibus
888 179 987 218 mmu-

75 240 186 291 labatur.

109 308 991 375 LIV.Atnoniratere1uscognomentoFelta,parrmaderatsone

79 385 182 450 agebat,
196 383 246 446 jam
264 381 364 448 pridem
375 380 490 430 Jndaete'
484 383 633 450 impositus,
647 395 674 434 et
690 395 781 433 cuncta
791 383 927 434 malefacta
938 384 991 434 sibi

78 455 182 524 impune
199 454 370 511 rasamenta
388 454 503 522 potentii
516 456 633 506 subnixo.
649 456 713 506 sant
729 457 895 525 prebuerant·
907 457 992 506 ludaei

55 568 58 577 ι
79 534 190 597 speeiem
209 530 312 592 motos,
330 530 387 581 orti
405 531 546 592 seditione,
566 525 703 600 postquam
716 533 817 601 cogniti
834 533 901 584 cede
920 534 994 594 caii,

79 606 148 657 haud
163 606 368 672 obtemperatum
381 617 464 654 esset:
477 607 597 656 manebat
608 617 707 670 metus,
725 624 758 657 ne
776 608 833 672 quis
845 608 995 674 principum

79 679 170 732 eadem
184 679 352 744 imperitaret.
363 677 449 749 Atque
462 681 566 730 interint
578 680 650 730 Felix
668 682 854 746 intempestivis
869 678 993 730 remediis
1022 677 1025 688 '

82 753 174 804 delicta
188 753 356 818 aeoesrdebat,
367 754 460 803 emulo
478 754 510 803 ad
523 753 659 806 deterrima
669 752 792 805 Ventidio
807 755 939 816 Cumano,
950 755 995 804 cui

80 846 139 898 pars
150 829 285 895 provincia
295 827 452 878 habebatur:
466 831 502 879 ita
511 829 616 893 divisis,
629 841 659 880 ut
667 827 726 880 huic
734 828 899 879 Galilaeorum
908 829 993 888 natio,

81 907 161 958 Felici
170 907 300 956 Samaritae
308 917 441 973 parerent,
451 905 585 958 discordes
596 907 673 965 olim,
686 918 713 956 et
724 904 781 958 trim
792 917 941 973 contemptu
954 919 999 957 re·

82 984 196 1050 gentium
208 979 293 1034 minist
301 983 421 1033 coercitis
432 982 511 1034 odiis.
520 985 602 1048 Igitur
614 995 716 1050 raptare
727 983 842 1044 interae,
854 983 998 1034 immittere

80 1057 213 1108 latronum
224 1057 328 1122 globos,
341 1073 496 1123 componere
505 1058 624 1117 insidias,
636 1069 662 1108 et
676 1056 813 1122 aliquandi>
826 1057 918 1122 preliis
931 1071 1000 1105 con·
1021 1051 1024 1057 '

83 1129 156 1198 gredi
165 1167 173 1194 ,
184 1131 315 1196 spoliaque
326 1137 353 1182 et
363 1132 461 1198 predas
469 1131 500 1180 ad
510 1143 691 1198 procuratores
699 1129 900 1194 tractatuque
910 1125 1001 1194 primo
1040 1125 1041 1128 ’

83 1203 164 1253 letari
172 1239 179 1257 ‚
187 1220 247 1252 ntor
257 1206 378 1271 gliscente
386 1207 508 1273 pernicie,
514 1222 594 1270 quum
602 1220 671 1256 arma
677 1204 791 1255 militnm
801 1203 999 1266 interieeiasent,

62 1289 65 1294 '
85 1277 143 1324 cari
157 1277 263 1327 milites.
275 1277 436 1345 Arshaatqoe
451 1280 521 1331 bello
533 1280 682 1346 provincia,
695 1279 724 1328 ni
740 1277 900 1344 Quadratus,
919 1274 1002 1342 Syria

87 1361 184 1408 tector,
199 1351 368 1403 subvenisset.
381 1352 437 1403 Nec
445 1351 493 1402 disi
502 1350 624 1402 adversita
633 1350 732 1403 ludaeos
742 1387 748 1408 ,
760 1351 838 1416 quiin
848 1361 940 1398 aecem
950 1349 1003 1396 rni-

88 1423 164 1472 litum
176 1436 358 1490 proruperant,
370 1425 530 1487 dubitatum,
545 1427 608 1491 quia
619 1426 701 1492 capite
715 1441 803 1490 poenas
811 1425 928 1474 luerent:
943 1421 1002 1470 Cu-

88 1511 179 1546 manus
191 1509 218 1546 et
233 1500 306 1549 Felix
317 1500 506 1551 cunctationem
518 1497 667 1549 adferebant
671 1498 749 1563 ,quia
761 1496 897 1560 Claudiae,
913 1495 1004 1544 cauria

86 1569 232 1619 rebellionis
244 1571 370 1629 auditis,'
364 1589 403 1635 tus
414 1569 545 1621 statuendi
558 1573 634 1618 etiarn
649 1570 681 1618 de
688 1569 905 1634 procuratoribus
913 1566 1003 1618 dede

86 1654 136 1691 rat.
150 1641 200 1690 sea
215 1643 361 1716 Quadratus
372 1644 486 1690 Felicem
498 1642 568 1689 inter
579 1639 677 1700 iudices
696 1643 835 1690 ostentavit
843 1651 1003 1706 ,receptum

89 1717 116 1766 in
132 1719 243 1768 tribunal
254 1718 324 1784 ,qud
341 1716 425 1768 studia
437 1727 611 1764 accusantium
627 1711 831 1763 deterrerentur.
850 1714 1003 1765 demaratus-

90 1807 139 1854 que
151 1794 319 1858 flagitiorum
331 1808 385 1857 qua
396 1789 447 1839 duo
463 1789 638 1854 deliquerant,
652 1789 795 1836 Cumanus:
812 1799 838 1838 et
854 1805 925 1854 quies
937 1807 1005 1856 pro

92 1865 181 1915 vincite
195 1865 304 1915 reddita.

122 1939 178 1990 LV.
189 1939 243 1987 Nee
257 1937 339 1986 multb
350 1945 409 2001 port
421 1936 558 2001 agrestium
573 1934 683 1984 Cilicum
694 1933 825 1994 nationes,
838 1936 931 2000 quibua
945 1938 1005 1991 Cli-

92 2020 184 2065 tarum
199 2021 413 2075 cognomentum,
428 2009 491 2075 sepi
503 2020 530 2057 et
545 2007 606 2059 aliis
617 2019 767 2063 commotae,
779 2018 840 2058 tnnc
857 2008 1007 2061 Trosobore

91 2083 170 2141 duce,
182 2094 281 2130 montes
295 2097 398 2164 asperos
411 2084 499 2131 castris
511 2083 611 2150 cepere.
627 2081 713 2147 Atque
728 2078 786 2130 inde
798 2081 906 2131 decursu
919 2084 946 2132 in
955 2084 1007 2133 lit-

92 2167 165 2215 torn,
182 2165 225 2203 aut
236 2152 326 2209 nrbes
339 2155 392 2202 vim
408 2155 550 2206 cultoribus
560 2169 587 2206 et
598 2154 748 2223 oppidanis
765 2170 794 2202 ac
809 2157 987 2220 plerumque
980 2173 1008 2206 ιιι

94 2238 247 2276 mercatores
258 2236 283 2275 et
295 2228 464 2278 navicularios
473 2229 610 2282 audebant.
621 2229 787 2308 obsessaque
789 2228 879 2277 civitat
888 2229 1008 2278 Anemu-

93 2301 196 2354 riensis,
215 2311 242 2350 et
263 2301 470 2368 misrieSyrii
464 2321 490 2350 ιιι
509 2303 652 2352 subsidium
674 2291 787 2392 equites,
806 2317 865 2350 curu
886 2301 1008 2369 praesecto

96 2372 186 2422 Curtio
198 2374 309 2433 Severo,
324 2377 479 2443 turbantur3
490 2361 561 2442 quod
573 2375 663 2426 duri
642 2373 738 2423 circium
749 2375 814 2433 loci,
827 2375 1008 2444 peditibusque

36 2499 42 2511 ,
94 2445 135 2494 ad
147 2463 257 2517 pugnam
275 2449 377 2515 idonei,
395 2463 509 2515 equestre
527 2449 641 2516 praelium
660 2446 728 2495 baud
742 2449 915 2514 patiebantur·
937 2449 1008 2498 Dein

96 2535 141 2568 rex
152 2521 206 2582 eius
220 2522 443 2580 orvAnctochus,
459 2521 642 2572 blandimentis
654 2519 773 2572 adsersus
787 2523 902 2589 plebem,
917 2521 1007 2571 fraude

95 2597 122 2645 in
137 2593 249 2660 duoem·,
269 2613 349 2660 quum
366 2598 532 2646 barbarorum
550 2595 637 2661 copias
650 2594 826 2655 dissociatos,
843 2593 1010 2663 Trosobore,

93 2671 231 2735 paucisque
243 2671 397 2734 primoribua
411 2668 566 2730 interfectis,
578 2680 675 2719 ceteros
687 2670 821 2718 clementid
833 2671 994 2734 composuit.

39 2763 43 2768 -
127 2739 195 2788 LVI
214 2741 269 2790 snb
286 2742 362 2791 idem
373 2755 494 2809 tempus,
510 2743 576 2790 iuter
593 2743 678 2792 lacum
695 2743 836 2800 Fucinum,
853 2757 1007 2830 amnemque

94 2813 182 2870 Lirin,
196 2829 318 2882 perrupto
331 2827 420 2866 monte
430 2817 505 2887 ,qub
516 2819 705 2884 magnificentia
718 2817 800 2886 operis
813 2816 953 2882 ipluaibus
967 2819 1008 2866 ri-

98 2903 221 2948 seretnr,
232 2892 329 2940 hostin
344 2892 402 2977 ipso
414 2894 512 2941 navale·
521 2895 638 2962 prelium
656 2894 808 2954 edomatur,
830 2902 859 2938 ut
877 2883 1043 2977 quondam

100 2963 246 3047 Augustus,
266 2967 410 3014 structoris
426 2965 539 3016 Tiberim
555 2981 659 3052 stagno,
677 2966 722 3017 sed
735 2967 835 3014 letibus
851 2967 972 3030 navigiis,
984 2981 1010 3017 ct

97 3037 201 3086 minore
219 3038 292 3104 copii
309 3035 432 3088 ediderat.
447 3039 571 3090 Claudius
590 3042 707 3091 triremes
726 3037 965 3103 quadriremesque,
983 3051 1009 3089 et

99 3110 258 3177 undeviginti
268 3111 402 3162 hominum
414 3113 613 3165 milliaartuarit
622 3131 631 3180 ι
640 3115 731 3162 cincto
739 3111 836 3160 ratibus
848 3111 946 3178 ambitu
957 3149 965 3171 ,
976 3130 1009 3164 ne

96 3185 258 3250 ragaeduqia
268 3185 367 3237 lorent:
377 3203 407 3236 ac
415 3199 502 3251 tamen
509 3187 621 3253 spatium
631 3186 778 3252 amplexus,
789 3184 822 3234 ad
830 3185 882 3233 vim
892 3186 1005 3252 remigii:

94 3258 293 3323 gubernantium
305 3274 387 3323 artes,
398 3262 636 3330 impetuanavium,
646 3259 764 3326 etprtelio
775 3261 859 3320 solita.
872 3257 902 3308 ln
910 3262 1008 3312 ratibus

94 3335 432 3400 purouarameohomuac
439 3336 715 3402 manipulatimque
725 3333 888 3398 admiserant,
899 3345 1008 3403 antepo-
