2100 3709
285 79 524 122 nrsroarsrnu
546 83 612 121 ars.
637 87 689 122 ιιι,
894 75 944 129 403

66 162 161 218 LXVI.
173 158 251 232 Qudtl
263 166 285 216 si
304 171 356 216 tam
368 165 438 216 facile
454 184 557 216 suorum
573 179 669 216 mentes
681 167 790 226 desisset
800 167 925 238 ,Vitellius
936 207 945 234 ,
958 191 960 196 ·

31 239 112 305 quim
125 241 177 306 ipse
192 253 300 288 cesserat
312 259 319 306 3
332 242 489 288 incruentam
503 241 591 289 urbem
603 240 754 306 Vespasiani
765 246 888 292 exercitus
900 247 943 293 in-

30 325 135 362 trasset.
147 313 278 373 Ceterum,
289 325 318 362 ut
326 314 432 378 quisque
440 314 547 365 Vitellio
558 313 623 362 fidus
631 349 637 373 ,
646 317 679 362 ita
688 331 775 380 pacem
786 329 811 364 et
820 318 945 366 conditio-

30 402 80 435 nes
94 387 237 435 abnuebant
248 423 255 444 ,
265 387 424 436 «discrimen
435 403 464 434 ac
480 385 589 434 dedecus
600 405 613 432 o
627 399 797 447 ostentantes,
809 407 823 439 (ι
833 403 858 438 et
869 390 945 438 tidem

35 464 65 510 ιιι
75 461 182 508 libidine
194 461 306 508 victoris.
319 461 373 510 Nec
382 471 479 508 tantam
488 460 644 526 Vespasiano
657 463 813 528 superbiam,
826 475 852 512 nt
861 465 946 528 priva-

35 547 95 584 tum
105 533 240 589 Vitellium
252 544 398 598 pateretur:
417 551 448 581 ne
462 533 544 582 victos
557 533 661 597 quidem
673 537 779 586 laturos.
792 535 829 583 lta
843 537 943 601 pericu·

34 609 94 656 lum
103 622 134 656 ex
144 607 327 668 misericordiis.
337 605 424 672 Ipsum
435 609 492 656 sanie
500 625 585 656 senem
595 645 601 668 ,
613 621 639 658 et
647 611 774 674 prosperis
785 610 945 676 adversisque

35 683 168 731 satiatum.
182 683 231 730 Sed
248 681 318 747 quod
332 686 439 740 nomen,
454 699 530 746 quern
547 693 641 731 statum
659 677 714 731 filio
730 684 782 747 eius
795 686 949 734 Germanico

36 755 114 807 sorel
133 757 208 806 Nunc
228 758 377 822 pecuniam,
394 769 420 805 et
440 757 575 816 familiana,
589 769 614 804 et
626 757 713 806 beatos
727 760 867 824 Campaniae
879 760 949 808 sinus

37 833 157 898 promitti
167 852 172 882 ε
181 830 225 880 sed
235 835 277 882 nbi
289 833 424 897 imperium
435 832 605 897 Vespasianus
616 834 749 894 invaserit,
761 852 812 882 non
823 835 884 900 ipsi,
897 851 948 882 non

38 906 117 953 amici
128 906 193 968 eius,
205 923 256 954 non
271 905 381 968 denique
392 908 546 954 exercitibus
563 907 744 971 securitatem,
762 909 810 956 nisi
824 909 948 956 exstincto

39 979 161 1027 aemulatu
170 980 320 1027 redituram.
331 978 440 1026 Fabium
451 979 501 1029 illis
513 981 663 1039 Valentem,
677 981 805 1050 captivum
817 991 841 1029 et
851 982 950 1029 casibus

41 1061 128 1109 dubiis
139 1071 307 1118 reservatum,
319 1072 470 1122 praegravem
483 1059 572 1107 luisse:
588 1059 682 1108 nedn'rn
694 1062 792 1111 Primus
804 1079 832 1112 ac
841 1062 950 1120 Fuscus,

41 1148 70 1183 et
86 1150 214 1200 specimen
226 1145 339 1197 partium
356 1132 503 1189 Mucianus,
505 1133 613 1178 ullant'
607 1150 634 1180 ιιι
651 1134 799 1194 Vitellium,
816 1136 865 1184 nisi
880 1135 953 1184 occi·

42 1208 139 1267 dendi,
159 1209 288 1255 licentiam
311 1205 429 1252 habeant.
451 1205 507 1252 Non
529 1203 652 1252 aCaesare
672 1205 841 1271 Pompeium,
853 1225 904 1256 non
921 1211 952 1258 ab

40 1289 160 1348 Aargnsto
168 1269 308 1329 dntoninm
318 1281 458 1328 incolumes
469 1277 588 1369 relictps:
603 1280 651 1328 nisi
661 1279 725 1328 fortis
737 1282 906 1344 Vespasianus
918 1285 952 1332 al-

39 1360 121 1406 tiores
131 1358 235 1421 spiritus
244 1368 326 1420 gerat,
340 1355 436 1402 Vitellii
445 1354 538 1410 cliens¹
547 1333 760 1416 lquisanitellius
770 1355 867 1420 collega
877 1358 954 1404 Clan-

40 1429 112 1478 diol
111 1440 184 1478 οιιι.Ι
195 1429 280 1488 Quin,
295 1440 322 1476 ut
332 1442 466 1475 censuram
486 1429 579 1490 patris,
600 1439 629 1474 ut
640 1437 691 1474 tres
704 1427 862 1486 consulatus,
878 1441 908 1476 ut
917 1439 955 1477 tot

42 1503 149 1566 egregiae
159 1501 249 1549 domrls
261 1501 369 1559 honores
377 1500 477 1548 deceret
484 1534 491 1558 ,
502 1499 677 1564 desperatione
688 1496 778 1547 saltent
789 1501 815 1548 in
825 1501 956 1550 audaciam

41 1578 234 1640 accingeretur:
248 1589 361 1640 perstare
373 1574 501 1630 militem,
517 1587 646 1639 superesse
661 1570 743 1622 studia
764 1574 861 1639 populi.
875 1574 955 1623 Deni-

42 1666 95 1713 que
109 1648 173 1696 nibil
190 1650 298 1697 atrocius
309 1660 475 1708 eventurum,
488 1645 564 1710 quint
577 1650 603 1695 in
615 1647 683 1710 prod
693 1659 783 1713 sponte
792 1659 864 1696 ruant
876 1666 881 1694 ε
897 1664 954 1696 mo-

41 1721 164 1772 riendum
182 1721 269 1781 victis,
289 1719 448 1768 moriendum
466 1718 576 1768 deditis:
591 1719 618 1767 id
629 1721 711 1769 solum
723 1722 829 1782 referre,
844 1721 956 1770 novissi-

41 1811 118 1846 mum
136 1795 252 1858 spiritum
269 1809 314 1860 per
329 1793 478 1853 ludibrium,
493 1805 518 1852 et
528 1794 693 1845 contumelias
702 1793 845 1854 effundant,
863 1813 895 1844 an
914 1807 957 1856 per

44 1869 115 1917 virtu
120 1879 180 1914 tem.
190 1885 205 1914 ι)

79 1938 194 1990 LXVII..
206 1940 290 2010 Susdss
310 1940 341 1986 ad
353 1940 429 1989 lortia
448 1943 553 1990 consilia
571 1942 677 1994 Vitellio
698 1959 778 1993 aures.
798 1942 958 1992 Obruebatttr

44 2016 148 2064 animus
157 2016 319 2062 miseratione
329 2014 436 2076 cunique
446 2049 453 2073 ,
464 2031 495 2060 ne
507 2049 513 2071 ,
524 2014 696 2078 pertinacibus
706 2021 794 2074 armis,
806 2014 888 2064 ininits
900 2017 959 2080 pla-

44 2089 156 2138 cabilem
169 2088 453 2151 rictoremrelinqueret
465 2085 567 2149 coniugi
578 2101 605 2132 aa
618 2087 714 2132 liberis.
731 2086 791 2134 Erat
807 2088 844 2134 illi
857 2100 882 2134 et
895 2088 959 2137 sessa

45 2173 120 2210 aetate
129 2178 234 2226 parens,
251 2177 304 2224 quae
318 2172 419 2217 tamen,
438 2159 525 2224 paucis
539 2156 595 2204 ante
607 2156 710 2215 diebus,
722 2157 863 2221 opportuni
877 2170 960 2207 morte

45 2235 179 2284 excidium
190 2233 280 2282 domes
297 2233 433 2298 praevenit,
448 2231 512 2279 nibil
528 2231 674 2296 principatu
690 2229 740 2278 filii
759 2231 890 2290 adsecuta,
908 2233 958 2280 nisi

45 2311 147 2358 luctum
159 2319 184 2356 ct
194 2309 289 2356 bonam
300 2306 403 2354 lamam.
418 2306 516 2370 Quinto
527 2305 625 2352 decimo
637 2303 695 2352 Kal.
706 2305 762 2352 lan.
779 2304 865 2352 auditi
874 2304 961 2354 delec-

45 2384 118 2432 tione
131 2383 236 2446 legionis
251 2381 458 2442 cohortiumque,
474 2396 528 2442 quaa
546 2394 571 2426 se
583 2377 680 2426 Narniae
701 2375 866 2436 dediderant,
876 2422 879 2427 ,
888 2379 958 2441 pullo

49 2460 146 2511 amictu
157 2457 250 2520 palatio
264 2453 423 2519 degreditur,
438 2453 525 2499 moesti
537 2449 634 2500 circirnr
647 2447 749 2498 tamine.
763 2449 842 2497 Simul
859 2449 959 2497 fereba-

52 2547 96 2584 tur
106 2528 224 2578 terricula
239 2527 359 2593 parvulus
370 2526 451 2584 filius,
469 2525 583 2572 velutin
593 2523 724 2571 funebrem
736 2537 865 2588 pompam.
878 2523 962 2574 Voces

50 2601 247 2676 populilrlaudae
253 2613 284 2649 ct
295 2601 492 2664 internpestitae:
503 2597 576 2646 miles
586 2596 680 2644 minaci
674 2597 801 2646 'attentio

81 2677 201 2726 LXVlIl.
218 2676 271 2723 Nec
282 2676 416 2737 quisquam
433 2671 495 2720 adeo
514 2689 601 2721 rerum
620 2669 812 2718 humanarum'
807 2685 959 2730 immernor,

49 2768 128 2817 quern
138 2768 189 2798 uon
202 2757 373 2796 commoveret
389 2746 454 2793 illas
452 2747 535 2794 acies:
531 2744 693 2794 Romanum
703 2761 858 2810 principem
872 2756 897 2794 et
916 2761 963 2810 ge-

50 2827 122 2877 neris
137 2824 242 2872 humani
254 2822 329 2888 panib
342 2820 554 2885 antbrdominum,
565 2819 653 2871 relicta
664 2817 768 2867 fortunae
778 2836 826 2868 suae
836 2819 907 2882 seda,
918 2836 963 2886 per

8 2911 11 2917 ·
51 2899 196 2967 populum,
209 2911 254 2962 per
264 2895 370 2952 urbem,
385 2895 453 2942 exire
465 2893 495 2941 de
506 2894 623 2960 imperio.
635 2891 706 2942 Nihil
716 2892 766 2938 tale
778 2892 906 2951 viderant,
920 2892 964 2940 ni-

49 2973 89 3023 hil
109 2971 241 3020 audierant
253 2970 402 3034 :repentina
421 2969 459 3017 vis
476 2967 628 3016 dictatorem
647 2969 770 3016 Caesarem
789 2975 964 3032 oppresserat,

49 3047 158 3096 occultae
174 3045 263 3092 Caium
278 3038 392 3091 insidiae.
405 3060 456 3090 nox
467 3055 492 3090 et
501 3044 617 3106 ignotum
629 3057 672 3089 rus
683 3039 769 3104 lugam
784 3040 889 3086 Neronis
901 3037 964 3084 abs-

52 3117 209 3170 conderant:
223 3117 279 3165 Piso
289 3128 314 3163 et
325 3117 429 3164 Galba
418 3127 537 3178 tanquam
548 3116 575 3162 ιιι
586 3115 639 3162 acie
650 3112 788 3163 ceciddre:
808 3111 834 3158 in
844 3111 888 3159 sud
898 3129 962 3160 con·

53 3196 129 3243 cione
137 3192 161 3241 V
164 3192 269 3250 itellius,
281 3174 345 3238 inter
354 3207 412 3237 suos
422 3190 515 3236 milites
521 3187 758 3270 ‚prospectantibus
767 3185 843 3231 etiam
854 3185 962 3250 leminis,

53 3277 88 3337 'pa
75 3284 138 3316 auca
149 3279 175 3314 et
185 3265 299 3332 presenti
310 3265 434 3312 moestitiae
443 3261 609 3327 congruentia
623 3260 739 3307 locutus:
753 3274 768 3304 n
777 3257 872 3304 Cedere
883 3273 908 3304 se
918 3274 965 3321 pa-

56 3344 94 3396 cis
109 3350 136 3393 et
148 3339 292 3408 respubhcae
306 3336 397 3390 causa:
412 3347 551 3391 retinerent
563 3344 664 3385 tautum
675 3330 824 3383 memoiiatn
838 3330 895 3398 sul,
911 3323 967 3382 sta
