2100 3709
44 72 48 84 '
87 73 140 125 506
346 127 348 132 χ
403 90 428 125 c.
446 89 541 126 canu.
561 85 679 133 rtem
1036 123 1037 157 1

561 172 563 177 “
1036 180 1037 197 i

89 238 997 266 nvmmmsmmumwuumsmusm

172 388 236 500 a.
284 300 544 516 oona.
599 382 915 496 TAfflTl

139 535 141 539 ,
1036 478 1037 543 i

228 576 662 713 a‘assoaaaaa
700 626 862 709 mni.

1037 810 1038 827 i

89 852 170 898 Tacui·
181 848 297 907 prefatio
310 848 336 888 in
350 844 475 887 Historias
487 855 558 895 suas,·
572 842 624 893 eius
636 841 751 897 dignitas,
767 850 838 892 setas.
857 846 1004 888 institutum.
1037 860 1038 899 a

113 913 243 957 Praesentis
252 907 370 950 Historia
378 917 473 947 sumnia
481 906 570 959 capita.
582 904 665 947 Status
673 904 748 951 urbis,
758 917 825 947 triens
833 908 988 949 exercituum
998 938 1005 957 ,
1037 900 1038 903 ’

115 973 212 1016 babitus
225 969 418 1025 prouinciarum,
433 967 514 1008 occiso
528 963 631 1007 Nerone,
649 964 726 1016 Galba
742 962 832 1007 invisas
843 964 872 1007 ob
883 978 929 1007 sua
939 968 1007 1007 arni-

117 1030 317 1087 corumqaevitin
325 1043 333 1079 ,·
342 1028 497 1069 inimicorum
505 1037 591 1066 mores.
600 1024 683 1066 Status
691 1024 824 1079 Hispania,
835 1025 933 1077 Gallia,
947 1026 1010 1067 Ger-

108 1095 271 1135 -manicorum
286 1090 450 1138 exercituum,
465 1087 617 1141 aliarumque
631 1088 816 1141 provinciarum.
830 1085 941 1128 Muciani
956 1089 1009 1128 vir·-

119 1160 181 1197 tutes
193 1160 216 1193 et
226 1152 296 1192 vitia.
310 1149 474 1204 Vespasianus
482 1150 508 1189 in
516 1146 613 1190 Iudaei.
627 1146 733 1202 AEerpti,
743 1146 843 1203 Africa,
857 1148 949 1197 ltalia,
962 1155 1009 1188 etc.

85 1204 102 1221 “
117 1221 202 1257 status.
218 1211 354 1267 Superioris
372 1211 513 1253 Germania
524 1209 596 1251 miles
606 1207 714 1264 dejicitb
732 1206 821 1259 Galbd,
837 1210 878 1263 aui
890 1208 922 1249 de
932 1207 1011 1261 adop-

119 1275 193 1318 tando
206 1274 300 1317 Gasare
312 1273 384 1328 cogita
395 1277 404 1313 t
410 1287 419 1323 ;
434 1284 520 1321 nsagrm
535 1272 669 1313 criticorum
680 1270 783 1320 ambitu,
795 1276 818 1311 et
828 1282 870 1323 spe
885 1268 992 1312 Othonis
1002 1276 1010 1302 ·'

98 1348 102 1353 ’
119 1334 163 1379 ted
179 1338 234 1377 Piso
247 1334 356 1391 eligitur,
371 1333 443 1377 bonta
455 1333 546 1377 nobilis
561 1340 584 1375 et
596 1345 698 1375 seuerus.
713 1332 796 1375 Galba
810 1333 903 1381 oratio,
921 1343 1010 1373 causas
1038 1330 1039 1349 ³

119 1397 270 1452 adoptionis,
285 1398 379 1441 niortita
393 1397 491 1451 imperii
500 1396 690 1438 administrandi
700 1395 828 1437 continuas.
840 1394 938 1435 Pisonis
948 1395 1015 1435 inter

121 1454 173 1500 bac
183 1457 326 1500 moderatio.
336 1456 441 1511 Adoptio
451 1459 475 1499 in
485 1459 572 1500 castris
581 1464 726 1513 nuncupata.
737 1455 821 1507 Legati
829 1454 861 1497 ad
871 1454 1009 1511 defectores
1039 1417 1040 1499 b

121 1519 199 1560 missi.
212 1517 318 1561 Neronis
324 1518 429 1571 srmdisoe
439 1516 583 1560 donationes
595 1520 710 1561 rescissa.
724 1514 788 1559 osto
803 1529 841 1558 res
852 1528 926 1557 nouas
936 1516 1010 1558 moli·
1039 1548 1040 1559 .

119 1590 161 1625 tur
173 1595 181 1623 .·
192 1582 361 1639 instigantibus
373 1580 481 1631 libertis,
497 1582 582 1630 semis,
598 1587 621 1621 et
631 1578 814 1621 mathematicis
828 1579 940 1633 :paratis
954 1578 1012 1619 ante
1039 1566 1040 1577 ¹

122 1644 232 1687 rnilitum
239 1640 327 1685 studiis
332 1652 378 1695 per
384 1639 517 1683 blanditias
527 1646 550 1680 et
559 1640 715 1689 largitionem
725 1640 844 1681 oscitante
854 1636 886 1681 ad
894 1638 943 1681 ista
950 1650 1013 1693 pra·

116 1704 194 1759 sccto.
204 1702 328 1754 lindiam
338 1702 444 1750 legiones
451 1706 475 1740 et
483 1700 629 1753 auxtliapro
641 1698 736 1745 Othone
743 1713 753 1750 ‚-
761 1700 832 1755 isque
840 1700 1010 1742 consalutatus

125 1767 259 1820 imperator
276 1762 363 1805 castris
375 1760 532 1815 pretorianis
547 1760 658 1815 infertur.
675 1760 734 1803 ,Piso
748 1757 886 1814 cohortem,
901 1772 955 1817 quse
967 1773 1011 1815 pro

123 1826 219 1879 palatio
229 1820 375 1872 excubabat,
387 1818 500 1862 bortatur
508 1820 635 1874 adficiem;
650 1826 722 1875 atque
737 1820 782 1863 illa
795 1822 959 1877 signaparat,
970 1818 1013 1861 secl
1040 1849 1041 1857 .

124 1887 223 1943 reliqua
230 1884 304 1936 copia
309 1879 541 1934 desciscuntsplebis
548 1881 657 1923 adulatio
665 1887 687 1922 et
695 1881 788 1923 levitas.
797 1881 912 1924 Fluctnat
921 1880 1010 1931 Galba,
1040 1858 1041 1891 ¹

125 1960 157 1987 aa
166 1941 344 1987 occurrendum.
357 1940 476 1985 Vanusde
487 1941 584 1987 Othone
592 1945 672 1989 acciso
682 1956 776 1991 rumor:
786 1943 842 1987 inde
849 1944 921 2002 pt’onl'
928 1954 1013 1983 Omnes
1040 1934 1041 1983 ἶ

129 2005 155 2044 in
172 1999 282 2042 Galbam.
297 2000 332 2041 As
343 2007 424 2041 castra
433 2000 523 2055 favent
538 2002 637 2049 ottoni.
653 2005 717 2049 Otito
730 2007 837 2051 militurn
848 2006 945 2053 antima:
961 2014 1013 2055 ΕΜ·
1040 2008 1041 2051 i

127 2062 193 2103 tione
201 2060 249 2102 sibl
258 2061 388 2113 conciliat,·
405 2061 489 2105 Galba
499 2072 523 2105 et
538 2064 625 2108 Pisoni
635 2067 713 2109 reddit
725 2068 834 2125 infestos.
844 2070 921 2111 ,trinta
934 2070 1013 2113 militi

126 2120 221 2164 dividit.
239 2122 364 2177 Agitatum
380 2122 411 2164 de
427 2122 492 2165 ccede
509 2122 580 2166 Vinii
594 2138 610 2178 t,
620 2125 697 2169 Galba
705 2128 813 2183 Jluctunt
829 2142 836 2170 .·
850 2128 918 2185 plebs
934 2139 1011 2174 nutat.

131 2180 266 2225 Othoniani
270 2180 356 2236 sorum
372 2185 515 2238 irrumpunt.
533 2182 611 2227 Galba
625 2184 746 2236 desertus,
760 2188 815 2230 dein
832 2190 940 2239 occisus,
958 2205 1011 2234 curn

130 2244 157 2287 T.
169 2243 249 2288 Vinio.
258 2247 393 2297 Sempronii
402 2246 478 2288 Densi
482 2244 556 2299 fides.
571 2246 626 2288 Piso
636 2260 718 2289 census.
732 2248 839 2291 Gadium
847 2254 949 2305 premia
956 2267 1012 2307 pos·

129 2312 207 2348 centes
220 2304 346 2359 interfecti.
357 2303 461 2348 Senatnls
473 2304 591 2350 adulatib.
605 2304 667 2349 Otito
681 2308 818 2352 coercendis
828 2311 1011 2367 rnilitumfsao-

129 2365 194 2409 ribus
206 2363 303 2419 impar:
313 2367 332 2407 ii
342 2366 482 2407 vacationes
491 2367 584 2407 remitti
590 2374 682 2421 petunt.
699 2363 780 2415 Caedes
789 2369 894 2413 Laconis
906 2380 931 2413 et
939 2376 1011 2418 [celi.

128 2427 228 2473 Pisonis
239 2432 263 2467 et
274 2424 299 2466 T.
312 2425 381 2467 Vinii
386 2424 518 2480 sepultura,
529 2426 617 2479 elogia,
627 2434 779 2473 testamenta.
791 2432 1011 2486 Galbasepultura,

130 2495 203 2540 oeeas,
215 2484 343 2540 nobilitas,
357 2499 450 2535 mores,
464 2485 574 2529 bonores.
592 2488 671 2531 Pauor·
684 2488 749 2533 urbis
764 2490 792 2533 ob
806 2504 885 2535 mores
901 2492 1010 2546 Othonis,

129 2548 240 2599 Vitellii,
253 2548 405 2602 Vespasiani.
417 2548 493 2590 Initia
505 2548 636 2591 Vitelliani
644 2551 723 2593 matris
733 2565 764 2593 en
776 2551 839 2595 bello
852 2554 978 2608 Vindicis,
989 2565 1012 2599 et

128 2610 218 2652 secutis
228 2606 285 2650 inde
294 2608 422 2650 discordiis
433 2610 497 2651 inter·
505 2610 611 2658 legiones
620 2617 644 2659 et
658 2612 750 2656 Gallos.
763 2612 879 2657 Vitellius
888 2627 931 2657 suo
946 2618 1012 2667 inge·

129 2671 170 2711 nio
178 2671 288 2719 ignavus,
297 2668 330 2709 ad
341 2681 379 2710 res
393 2680 467 2710 novas
479 2671 622 2712 stimulatur
632 2672 647 2713 ὰ
659 2672 761 2716 Valente
771 2682 795 2717 et
805 2672 903 2718 Coeciad
915 2678 1008 2727 legatis.

129 2727 246 2779 Legiones
255 2729 387 2783 superioris
403 2726 572 2784 inferiorisque
585 2732 807 2787 Gerrnaniafidem
818 2736 843 2775 ia
857 2734 959 2778 Galbam
970 2750 1011 2778 ee·

129 2795 208 2841 suunt,
216 2799 261 2841 per
268 2788 394 2841 segnitiam
403 2786 536 2829 Hordeonii
547 2788 629 2832 Flacci
638 2791 719 2841 legati.
731 2792 756 2835 V
754 2792 822 2835 alens
831 2794 959 2837 Vitellium
967 2799 1010 2837 im-

130 2857 266 2904 peratorem
275 2849 423 2900 consalutat,
435 2862 521 2900 magno
530 2864 552 2891 m
557 2852 636 2893 ilitum
647 2852 742 2905 studio,
753 2854 837 2909 quibus
846 2856 1010 2909 poscentibus,

131 2909 202 2956 multi
216 2911 272 2952 cast
280 2923 288 2950 .·
296 2909 339 2952 sed
354 2910 440 2953 Civilis
450 2912 588 2966 periculum
601 2912 687 2954 euadit.
700 2908 815 2957 Vitellius
824 2915 917 2959 viribus
927 2924 1010 2958 auctus

131 2970 191 3013 taos
205 2972 326 3012 exercitus
336 2971 362 3010 in
374 2969 472 3011 Italiam
483 2972 566 3011 mittit.
578 2968 674 3012 Vitellii
687 2978 770 3025 torpor
783 2975 845 3015 inter·
857 2976 1009 3019 alacritatem

133 3032 247 3075 militum.
260 3031 458 3074 Divodurensium
466 3029 552 3071 cades.
565 3030 632 3074 Galli
640 3031 664 3075 V
664 3033 767 3075 itellium
777 3044 915 3091 sequuntur.
923 3038 1012 3088 Lugdu-

134 3105 226 3146 nenses,
239 3090 412 3136 Viennensibus
422 3091 525 3140 inimici,
537 3091 627 3133 milites
638 3094 662 3132 in
671 3106 711 3135 eos
718 3096 845 3137 stimulant
856 3111 862 3137 :
874 3097 917 3138 scd
925 3100 964 3141 illi
970 3099 1010 3141 do·

134 3154 172 3193 nis
179 3153 313 3205 placantur.
323 3151 435 3193 Avaritia
447 3156 469 3190 et
484 3148 559 3192 libido
570 3150 595 3193 V
593 3152 688 3195 aientis.
698 3154 806 3197 Heluetii
812 3188 817 3207 ,
826 3164 881 3209 post
891 3159 1006 3211 ingentem

133 3212 227 3255 cladem
235 3214 251 3254 ἁ
262 3212 469 3261 cantuaritarum,
480 3210 505 3252 V
503 3212 582 3254 itellio
591 3215 634 3254 vin
643 3214 843 3269 'reconciliantem’
852 3219 877 3259 in
885 3221 1008 3274 crrinspar-

136 3279 177 3315 tes'
186 3274 333 3330 transgressa
346 3273 430 3314 ltalia
439 3279 522 3326 parte,
541 3274 637 3317 Cacirea
648 3275 722 3329 Alpes
735 3286 841 3332 superat.¹
850 3279 914 3321 Otito
926 3294 952 3323 se
958 3296 1010 3336 pru·

135 3332 296 3393 deruereerit,
307 3333 387 3379 biario
400 3331 470 3379 Celso
479 3334 597 3385 innoseit:
612 3335 759 3389 Tigellinum
770 3339 850 3395 punit.
867 3338 1008 3397 Crispinilla
