2100 3709
251 81 504 127 nrsnoaraanas
528 73 596 130 ets
621 93 662 129 rr.
839 127 841 130 .
870 76 933 135 43⁵³

11 170 195 239 atrimisqde,
207 170 369 235 aquavivae
369 171 674 258 fontibuaamuibusque
684 171 784 232 hausti,
796 178 923 244 perluere
936 200 954 213 ν

11 266 76 299 um
91 246 226 298 Helvidius
239 236 451 311 Priscuspraetor,
463 260 591 313 praeeunte
605 248 706 298 Plautio
718 250 923 318 AElianoponti-

9 341 70 381 ce,
86 324 194 371 lustrata
207 320 419 369 suovetaurilibus
430 321 500 380 area,
511 332 537 370 et
547 337 624 387 super
632 323 753 388 cespitem
752 323 866 373 redditis
877 344 926 377 ex

8 400 29 445 is
43 434 54 463 ,
78 396 209 454 adorem,
224 392 366 452 lunonem,
382 392 537 455 Minervam,
549 394 736 460 praesidesque
730 398 830 463 tmperit
822 398 899 451 deos
907 418 923 451 n

8 480 154 527 areentur,
170 467 231 516 auti
246 477 326 531 coepta
339 478 531 534 prosperarent,
547 467 667 533 sedesque
681 484 756 535 suas„
771 472 863 535 pietate
875 472 934 523 ho-.

8 545 112 591 ninum
131 540 276 596 inchoatas,
289 538 373 587 divini
389 556 436 607 ope
445 541 618 607 attollerentur
629 560 636 606 3
657 542 748 599 vittas,
760 543 924 609 quisligatus

8 617 98 681 apis,
115 614 252 677 innexique
265 610 337 661 funes
349 623 421 660 erant
429 649 436 670 ,
445 614 561 678 contigit.
572 613 739 663 Simulceteri
751 617 927 680 magistratus,

10 698 23 735 t
41 686 211 744 sacerdotes,
223 698 250 735 et
259 696 360 735 senatus
372 698 414 745 ,et
422 702 514 751 eques,
527 700 553 737 et
565 704 717 754 magnapars
728 690 828 756 populi,
840 690 925 741 studio

8 760 147 825 etitilqne
157 760 274 819 connixi,
287 774 375 808 saxum
384 761 470 826 ingens
481 760 579 811 traxere
590 781 596 811 ι
610 763 926 828 passimqrre'iniectaefsn.

8 834 141 883 lamentis
154 834 252 899 argenti
265 834 368 897 aurique
383 834 475 900 stipes,
487 846 513 883 et
523 835 685 884 metallorum
699 838 830 902 primitiae,
847 840 926 891 nullis

8 908 156 957 urnacibus
168 910 238 956 victe
250 944 259 965 ‚.
268 906 312 955 sed
324 906 503 972 utgignuntur.
514 908 655 958 Praedixdre
671 906 829 977 haruspices,
841 928 873 960 ne
885 924 935 962 tem

8 992 152 1030 uersaretur
162 996 226 1045 opus
239 996 297 1027 saro
307 996 418 1039 aurore,
431 980 458 1028 in
468 980 540 1030 aliud
554 981 689 1031 destinato.
701 982 817 1032 Altitudo
829 984 935 1037 aedibus

8 1052 122 1119 tdiecta.
137 1053 169 1102 ld
182 1054 265 1101 solum
277 1052 364 1115 religio
374 1051 484 1102 adnuere
498 1071 504 1101 :
516 1066 542 1102 et
555 1057 648 1119 prioris
659 1056 750 1121 templi
761 1060 928 1123 magnificen-

8 1130 48 1179 :iae
61 1126 175 1176 defuisse
188 1125 329 1182 creditum,
345 1140 397 1188 quo¹
406 1136 474 1173 tants
486 1126 525 1174 ris
538 1125 671 1175 hominum
681 1130 811 1178 retinenda
820 1144 884 1181 erat.

35 1200 117 1250 LIV.
126 1199 221 1249 Audita
239 1198 342 1246 iuterim
356 1212 401 1265 per
415 1197 512 1246 Gallias
525 1197 723 1261 Germaniasque
741 1217 809 1249 mors
827 1202 929 1258 Vitellii

8 1274 195 1341 duplicaverat
206 1272 314 1321 beilum.
324 1272 390 1321 Nam
399 1273 499 1333 Civilis,
513 1272 605 1329 omissa
615 1272 830 1335 dissimulatione,
840 1278 867 1323 in
875 1293 937 1343 po..

8 1349 105 1415 tulum
118 1346 268 1414 Romanum
282 1362 364 1395 ruere.
378 1346 518 1395 Vitellianae
530 1346 642 1411 legiones
650 1346 691 1393 vel
703 1357 837 1397 externum
848 1350 936 1397 serri·.

8 1422 77 1471 ,ium
83 1459 93 1481 ‚
104 1419 179 1484 qtr'am
194 1418 372 1485 imperatorem
381 1417 568 1483 Vespasianum
580 1419 665 1467 malle.
677 1419 746 1466 Galli
756 1420 928 1481 sustulerant,

8 1497 126 1557 mimos,
141 1494 258 1543 eamdem
271 1492 364 1557 ubique
381 1493 539 1541 exercituum
555 1503 710 1541 nostrorum*
720 1493 846 1543 fortunam
859 1494 925 1543 rati:

8 1562 121 1635 vulgato
130 1582 254 1623 rumore,
267 1566 300 1617 (t'a
309 1566 428 1615 Sarmatis
439 1566 563 1629 Dacisque
575 1566 679 1615 Moesica
689 1583 718 1614 ac
727 1566 871 1615 Pannonica
884 1566 930 1620 tri-1

8 1636 96 1689 iterna
113 1639 309 1705 circumsideri»
321 1659 327 1689 :
341 1641 410 1707 paria
427 1639 458 1688 de
471 1638 599 1687 Britannici
615 1640 782 1705 fingebantur.
800 1639 848 1687 Sed
864 1640 929 1690 nihil
981 1635 982 1638 Ἴ

8 1713 100 1781 eque,
113 1712 187 1777 quim
200 1712 345 1762 incendium
356 1714 488 1779 Capitolii,
500 1724 530 1761 ut
540 1710 618 1762 finetn
625 1713 732 1778 imperio
741 1712 828 1765 adesse
837 1712 929 1762 crede·

8 1798 73 1837 rent
85 1787 252 1853 ,impulerat
267 1788 398 1853 «Captum
411 1788 473 1836 olim
488 1785 593 1836 aGsllts
605 1787 711 1853 urbem
723 1785 786 1835 sed
781 1786 875 1850 integra
884 1787 931 1835 Jo-

8 1861 50 1908 vis
73 1857 158 1935 sede.
162 1860 282 1909 mansisse
299 1862 443 1945 imperinm.
436 1860 537 1911 ‚Fatali
550 1877 618 1908 nunc
635 1862 693 1925 igue
706 1862 805 1926 signum
819 1857 930 1910 coelestis

8 1936 55 1983 irre
78 1914 184 1991 datum,
206 1943 232 1981 et
252 1935 436 2015 possessionem
454 1950 541 1982 rerum
564 1931 732 1983 humanatum
753 1932 929 1999 Transalpinis

8 2008 135 2071 gentibus
147 1992 265 2071 portendi
275 2023 290 2054 n
299 2006 496 2071 ,superstitione
509 2022 573 2050 rana
561 2006 681 2053 Druidae
692 2008 826 2055 canebant.
840 2006 928 2059 Inces-

10 2092 135 2144 seratque
152 2078 235 2136 fama,
250 2080 374 2143 primores
390 2074 543 2131 Galliarum,
558 2074 589 2120 ab
602 2076 702 2123 Othone
714 2076 833 2124 adversus
843 2079 931 2127 Vitel·
965 2082 972 2093 '

8 2152 78 2202 lium
90 2154 179 2201 missos
187 2189 195 2212 ,
211 2162 345 2215 antequam
366 2146 573 2213 digrederentur,
587 2149 727 2213 pepigisse,
747 2164 801 2195 ane
814 2147 931 2200 deessent

8 2226 140 2289 libertati,
153 2243 173 2274 ιι
166 2224 307 2293 populum
318 2222 589 2272 Romanurncontinua
597 2221 724 2273 bellorum
732 2219 931 2272 cirilinmser‘ics
959 2247 963 2255 =

10 2313 38 2349 et
51 2303 153 2367 iuterna
168 2301 234 2348 mala
246 2297 380 2363 fregissent
389 2312 415 2344 n.

45 2359 105 2424 [ila.
117 2378 183 2421 Ante
194 2370 279 2422 Flacci
290 2362 432 2417 Hordeumt
443 2367 552 2429 cadem
562 2354 628 2415 nihil
642 2367 770 2434 prorupit,
780 2386 831 2433 quo
842 2386 931 2434 conju

10 2448 82 2497 ratio
97 2447 287 2511 intelligemetur
300 2440 443 2491 Interfecto
464 2441 632 2504 Hordeonio,
649 2442 825 2491 commeavere
844 2442 929 2491 nuntii
972 2490 978 2496 ,

11 2522 83 2575 inter
97 2521 204 2585 Civilem
216 2520 420 2581 Classicumque,
436 2516 582 2583 prefectum
598 2516 641 2566 alte
658 2518 837 2565 Treverorum.
851 2518 926 2565 Clas·

11 2598 83 2644 sicus
95 2594 228 2643 nobilitate
238 2592 379 2657 opibusque
390 2602 448 2657 ante
464 2590 527 2638 alios
542 2606 548 2637 ι
560 2589 659 2654 regium
671 2586 710 2637 illi
725 2606 815 2654 genus,
830 2602 858 2639 et
867 2606 930 2656 pace

15 2670 138 2733 belloque
148 2670 215 2717 clara
223 2668 305 2733 origo.
316 2664 374 2731 Ipse
383 2664 396 2713 ὲ
404 2664 541 2729 majoribus
550 2665 603 2712 suis
611 2662 690 2713 hostis
706 2666 796 2730 populi
804 2668 930 2725 Romani,

15 2743 97 2809 quiam
107 2742 206 2801 socius,
216 2742 332 2804 jactabat.
343 2739 466 2789 Miserere
476 2753 530 2787 sese
539 2737 553 2785 J
555 2738 621 2785 nlius
627 2737 723 2797 Tutor,
734 2751 759 2788 et
766 2738 851 2789 ¹Julius
860 2741 934 2794 Sabi-

16 2831 83 2882 nus3
92 2816 133 2863 hic
140 2816 238 2881 Treuir,
248 2812 402 2879 hicLingon.
411 2812 491 2861 Tutor
499 2812 557 2877 ripae
563 2810 645 2859 Rheni
652 2812 665 2859 t
673 2813 777 2861 Vitellio
784 2812 930 2878 prefectus:

17 2882 931 2957 Sabinus‚superinsitamvanitatem‚falsaestirpisglorirlincendebatur;

19 2963 174 3029 «proaviam
187 2976 260 3011 suam
272 2961 331 3011 diro
343 2962 422 3023 lulio,
437 2977 483 3028 per
499 2958 597 3009 Gallias
607 2959 714 3009 bellanti
721 2978 733 3022 ,ι
739 2978 844 3028 corpore
854 2976 931 3027 atque

21 3038 147 3087 adulterio
163 3038 322 3103 placuisses.
340 3038 374 3087 Hi
386 3039 489 3087 secretis
504 3036 662 3086 sermonibus
676 3039 775 3099 animos
788 3049 932 3095 ceterorum

22 3112 131 3162 scrutari
142 3130 147 3161 ι
158 3112 216 3167 ubi,
228 3130 291 3178 quos
301 3112 405 3162 idoneus
416 3113 547 3169 rebantur,
559 3110 713 3164 conscientia
722 3110 894 3170 obstrinxdre,
906 3112 931 3160 in

8 3194 10 3201 ”
10 3184 124 3235 colorata
135 3185 342 3252 Agrippinensi'
320 3219 327 3246 ,
336 3203 365 3233 ιιι
375 3184 482 3233 domurn
495 3184 618 3249 privatam
630 3184 803 3230 conveniunt:
817 3197 876 3228 nam
886 3199 933 3248 pu·

25 3258 90 3307 blice
102 3258 188 3311 civitas
199 3258 307 3319 talibus
301 3258 407 3330 suceptis
420 3256 580 3306 abhorrebat
592 3255 715 3319 Attamen
724 3252 861 3303 interfuere
874 3257 934 3317 qui·

26 3328 84 3381 dam
94 3330 235 3393 Ubiorum,
246 3325 468 3400 Tungrorumque.
479 3327 528 3381 Sed
537 3328 646 3395 pltuima
659 3327 697 3377 vis
706 3340 784 3394 penes
791 3324 932 3395 Treveros,

722 3404 778 3453 Ta
