2100 3709
61 76 111 116 210
376 75 402 114 θ.
424 75 517 112 0011.
539 74 651 112 nem

60 167 231 225 cognomento
242 154 372 215 Mnester,
383 155 437 222 ipte
450 150 516 204 ferro
531 169 558 203 re
571 153 710 220 transegit:
724 154 852 206 incertum
861 155 987 208 caritete

60 230 86 280 io
102 229 237 281 Patronam
248 265 255 292 ,
265 246 298 279 an
309 239 380 278 metu
394 226 474 276 exitii.
490 227 565 277 Hunc
575 227 615 276 tul
623 228 700 277 linem
712 230 808 278 multos
819 243 878 280 ante
887 248 983 281 annos

59 303 201 355 crediderat
218 303 373 372 Agrippina,
390 311 636 368 contempseratque.
656 301 723 352 Nam
734 305 879 355 consulenti
892 322 984 371 super

60 369 178 442 Nerone,
193 373 509 444 responderuutChnldaei,
522 371 598 424 aiore
610 386 638 426 ut
647 376 797 442 imperaret,
809 389 986 444 matremque

61 450 210 502 occideretu
221 469 226 501 :
239 463 314 516 atque
328 447 387 510 itta,
401 445 566 511 «occidat»,
576 447 670 511 inquit,
686 448 769 498 ndum
783 451 933 517 imperetur.

94 525 128 578 Χ.
140 525 189 576 Sed
199 524 214 574 i
227 526 340 581 Creonte,
351 519 463 588 perlecto
476 519 581 570 demunt
589 523 698 583 scelere,
708 524 858 588 magnitudo
866 525 927 590 cjua
940 527 986 574 irr-

60 599 159 650 tellecta
174 609 214 650 est
224 616 233 648 t
244 595 343 662 reliquo
354 595 436 650 noctis
445 630 454 652 ,
462 592 541 642 modo
551 609 596 659 per
609 594 740 644 ailcntium
750 593 864 659 defixum
878 596 985 666 sapius

58 689 153 739 pavore
163 679 348 738 easurgena,et
358 667 453 718 mentis
461 667 550 733 inops,
559 667 642 716 lucem
649 669 838 734 opperiebatur.
850 683 986 736 tanquam
1028 722 1029 731 ἵ

60 748 164 804 exitium
176 744 328 795 adlaturam.
342 740 426 805 Atque
441 757 514 800 eum,
526 751 629 790 auctore
639 739 735 800 Burro,
747 743 828 807 primi
838 747 987 796 centurio·
1028 752 1029 775 l

23 873 26 878 ,
59 811 984 883 uttmtribuoorumqueadulatioadapernfirmarinprensantinmmaou,
1028 822 1029 863 i

60 896 263 963 gratantiumque
274 928 280 950 ,
291 888 381 955 nquod
393 887 532 936 discrimen
541 886 727 951 improtisum,
738 900 766 937 et
774 891 863 938 matris
875 888 984 941 iacinm
1028 912 1029 919 ¹

61 971 214 1019 evitonis.
229 962 413 1014 Amioidehinc
424 960 493 1012 adire
505 960 600 1026 templa
614 977 621 1007 ε
636 972 664 1028 et
674 975 757 1029 coepto
768 965 899 1030 exemplo,
908 982 985 1032 1²1⁰·
1028 956 1029 985 i

61 1047 130 1096 xima
141 1043 284 1110 Campania
296 1041 435 1104 municipia
452 1037 562 1086 victimir
575 1048 601 1085 et
617 1036 784 1102 legationibus
794 1039 909 1088 letitiam
920 1051 991 1090 tes-¹
1028 1016 1029 1089 i

62 1120 128 1170 tsti:
148 1120 215 1185 ipae,
234 1115 334 1166 diverti
351 1114 513 1174 simulatione
525 1149 533 1172 ,
544 1123 663 1173 moestus,
679 1126 706 1163 et
715 1115 787 1178 quati
801 1115 984 1168 incolumitati
1028 1118 1029 1123 ’

62 1211 111 1244 tun
125 1193 238 1242 insenius
245 1227 253 1255 ,
265 1207 295 1240 ao
307 1193 385 1242 morti
394 1188 507 1256 parentis
519 1187 689 1254 illacrymans.
699 1189 765 1252 Quia
772 1200 858 1238 tamen
869 1206 934 1248 non,
950 1200 983 1238 ut

64 1262 197 1318 hominum
207 1268 310 1325 nultus,
324 1267 360 1317 ita
371 1268 486 1316 locorum
496 1259 574 1313 iacies
584 1275 715 1313 mutantur
725 1301 732 1322 ,
744 1266 982 1331 obtertabaturque

64 1345 141 1394 morit
152 1345 220 1394 illiue
232 1343 382 1394 etlittorum
393 1342 476 1412 gravis
487 1339 622 1405 adspectus
631 1336 820 1407 (sterant,qui
830 1340 983 1397 crederent,

64 1419 177 1467 tonilum
188 1417 254 1466 t'ubra
268 1417 376 1468 collibur
385 1414 480 1466 eirer'rm
492 1414 583 1477 editir,
597 1413 761 1479 planctusque
771 1415 873 1463 tomulo
886 1416 982 1464 matri·

65 1491 163 1559 audiri)
178 1492 312 1558 Neapolim
323 1492 460 1551 oonteseit,
474 1490 622 1552 litteraeque
636 1487 670 1538 ad
682 1500 800 1538 senatum
810 1489 895 1548 misit,
903 1487 982 1553 ⁸qua·

65 1581 124 1616 rum
137 1581 236 1616 aummn
247 1577 311 1615 erat.

97 1637 144 1688 xl.
159 1637 320 1704 «liopertum
332 1651 391 1684 cum
405 1631 471 1681 ferro
482 1648 659 1696 percussorem
669 1633 824 1700 Agerinum,
838 1653 870 1685 ea
880 1633 981 1684 intimis

67 1709 211 1776 Agrippinae
222 1709 332 1766 libertis,
348 1717 373 1754 et
385 1705 461 1754 luirae
475 1721 531 1754 eam
543 1723 643 1772 poenam
652 1709 823 1769 conscientil,
834 1709 885 1775 qui
896 1709 983 1759 scelut

65 1786 236 1850 paravisseto.
247 1779 391 1846 Adjiciebat
404 1778 512 1828 trimitan
521 1778 624 1844 lougiiu
635 1785 757 1847 repetita;
769 1782 862 1851 uqudd
871 1801 981 1834 actuor-

68 1859 133 1907 tium
148 1855 247 1922 imperii
258 1891 265 1914 ,
278 1854 451 1917 iuraturnaque
463 1851 492 1900 in
502 1849 602 1900 feminas
612 1853 691 1918 rerba
701 1859 830 1921 pretoriae
843 1859 962 1908 cohorter
972 1893 980 1918 ,

67 1929 186 1992 idemque
198 1925 308 1976 dedecua
320 1919 420 1974 reostbr
433 1931 459 1974 et
476 1926 566 1990 populi
579 1928 730 1993 apertuitaet
746 1947 752 1977 ε
770 1947 800 1980 ac
813 1944 981 1998 posteaquam

67 1999 161 2055 irottri
172 2010 263 2065 optata,
270 1998 338 2060 aiut,
347 1995 442 2047 iulcuaa
452 1998 529 2047 militi
536 2000 702 2066 patribusque
713 2013 738 2050 et
745 2003 814 2068 plebi
824 2041 830 2060 ,
842 2004 980 2057 ‹tinnun-

69 2086 108 2124 set
122 2073 273 2122 donativum
287 2081 313 2121 et
330 2071 504 2134 congiarium,
519 2072 682 2150 poriqulaque
696 2075 757 2125 ririe
772 2076 914 2126 illuttribna
926 2080 981 2128 ins·

69 2149 201 2198 truxiraet.
213 2148 317 2213 Quanto
327 2161 373 2196 suo
380 2143 468 2194 labore
476 2157 701 2214 perpetratum,ne
709 2151 860 2216 irrumperet
870 2154 982 2213 curiam,

70 2239 102 2272 ne
115 2224 232 2290 gentibue
242 2219 478 2288 externisrespouaa
488 2220 583 2282 dareta
593 2220 606 2270 l
616 2221 775 2288 Temporum
785 2241 889 2290 quoque
898 2223 981 2277 Oian-

70 2296 203 2348 diauorom
213 2296 316 2362 obliqui
327 2297 493 2346 intentatione
503 2332 511 2359 ,
521 2309 612 2346 cuneta
624 2298 678 2362 eiua
690 2299 872 2350 dominationis
885 2303 981 2370 tlagitie

72 2371 98 2420 in
119 2383 226 2422 matrem
245 2371 394 2431 tranatulit‚
410 2371 529 2437 publicd
536 2371 658 2442 fortunii
672 2380 836 2428 exstinctum
852 2376 978 2426 teleneus:

70 2462 179 2513 namque
189 2459 215 2497 et
226 2445 383 2513 naubagium
390 2447 521 2512 narrabam
530 2445 601 2512 qood
610 2445 743 2497 fortuitum
752 2447 827 2498 frisie
836 2486 842 2509 ,
850 2452 907 2513 quit
916 2451 980 2500 adeo

71 2518 150 2571 hebes
162 2523 334 2580 inveniretur,
347 2533 376 2570 ot
389 2518 521 2570 crederet?
535 2532 579 2568 aut
592 2518 607 2568 l
618 2521 724 2570 muliere
738 2522 858 2588 naufragi
873 2528 980 2574 mireum

71 2609 131 2645 cum
144 2597 197 2646 telo
209 2611 289 2644 unum
300 2631 307 2651 ,
320 2595 364 2657 qui
375 2593 508 2653 cohorter,
522 2603 549 2640 et
560 2594 654 2641 eleates
665 2594 826 2658 imperatoris
838 2597 980 2664 perfringe·

71 2681 110 2718 ret
121 2667 133 2720 ἲ
145 2668 211 2734 Ergd
226 2685 278 2716 noo
293 2668 343 2729 iam
352 2667 436 2722 Nero,
446 2667 517 2726 cuius
532 2667 677 2714 immunitas
690 2669 803 2716 omnium
815 2683 921 2732 queatue
933 2691 979 2723 an.

72 2743 167 2804 teibat,
186 2741 231 2790 aed
247 2739 354 2789 adverto
371 2753 475 2786 utmore
489 2739 585 2786 Seneca
603 2749 675 2798 erut,
694 2739 789 2804 equod
805 2741 923 2807 oratioue
938 2747 979 2798 tali

71 2813 257 2863 confessionem
268 2810 438 2878 aoriptiesetu.

106 2886 165 2937 x11.
183 2887 252 2937 Miro
264 2899 347 2936 tamen
358 2885 495 2936 certamine
504 2884 640 2958 procerdnt
650 2886 821 2942 decernuntur
829 2908 845 2941 o
854 2896 980 2960 supplica·

71 2963 153 3014 tiones
162 2960 229 3027 apud
241 2961 325 3011 omnia
334 2960 475 3027 pulvinaria
484 2997 490 3016 ,
500 2971 580 3024 utque
590 2961 778 3028 Quinquatrus,
788 2967 881 3031 quibut
891 2983 978 3036 aperte

73 3047 157 3086 carent
167 3033 277 3091 incidie,
291 3032 357 3082 ludis
366 3033 458 3081 annuit
469 3031 676 3085 celebrarentur:
694 3054 799 3095 aureum
812 3041 929 3092 Minerva
942 3045 978 3093 ai·

73 3109 215 3162 mulacrum
225 3111 252 3157 in'
259 3105 325 3157 curii
336 3119 379 3168 ,et
391 3106 459 3171 juxti
469 3107 593 3174 principia
602 3110 686 3176 imago
697 3123 848 3164 ttatuetetor
857 3133 864 3161 ι
873 3115 928 3167 dics
936 3135 976 3167 na·

73 3183 131 3233 talis
149 3182 291 3248 Agrippinae
306 3183 371 3232 inter
388 3179 498 3230 neiartor
516 3180 616 3232 earetrl
632 3184 743 3234 Thrasea
753 3187 848 3247 Paetus,
862 3189 974 3250 silentio,

74 3257 115 3306 rel
126 3255 197 3305 brevi
210 3255 317 3304 adrenau
330 3255 428 3321 priores
440 3253 602 3334 adtrlatipnos
614 3262 785 3310 transmittere
800 3264 906 3322 eolitoa,
917 3265 974 3315 eriit

74 3339 130 3384 tum
144 3341 246 3396 tenatu;
260 3345 289 3381 ao
299 3328 349 3382 ribi
361 3343 462 3386 cauum
475 3329 585 3398 periculi
598 3329 677 3396 tacit,
689 3336 785 3387 ceteris
796 3336 918 3388 libertatis
926 3337 974 3401 ini·
