2100 3709
302 73 537 115 nrsronranosr
560 79 624 114 tra.
647 80 689 117 tv.
901 65 950 117 415

7 146 175 221 ingenium
183 156 282 209 illustre
291 158 421 206 altioribus
430 158 518 207 studiis
528 158 628 223 juvenis
639 128 777 206 admofflm
787 157 873 208 dedit:
884 178 951 221 non,

10 240 60 277 ut
90 230 218 294 plerique,
236 242 266 281 ut
279 232 382 280 nomine
397 232 530 296 magnifico
544 247 619 298 segne
631 232 712 280 otium
727 231 831 292 velaret,
850 233 892 282 sed
903 234 954 297 qnb

16 302 144 351 firmior
157 302 276 352 adversus
289 303 406 365 fortuita,
420 306 605 371 rempublicam
616 316 774 370 capesseret:
789 303 906 355 doctores
916 322 957 355 aa.

15 376 148 439 pientia
160 388 261 426 secutus
271 388 324 437 est,
340 378 384 442 qni
398 379 450 427 sola
463 378 545 439 bona,
561 395 615 443 qua
627 378 748 436 honesta,
760 378 827 435 mala
841 378 955 439 tanttim,

20 464 99 513 quae
116 450 200 516 turpia
215 450 389 517 :potentium
406 454 580 512 nobilitatem,
598 463 730 515 ceteraque
743 464 812 500 extra
827 453 954 511 animum,

20 536 129 585 neque
151 521 238 582 bonis,
260 539 341 587 neque
361 525 434 572 malis
451 524 628 583 adnumerant.
648 524 804 584 Qriaestorins
823 524 921 585 adhuc,
941 524 955 573 ὲ

19 594 113 642 Paetc
126 593 240 645 Thrasea
253 612 330 661 gener
343 596 467 658 delectus,
481 598 494 646 ὲ
507 598 621 647 moribus
631 597 711 645 soceri
723 595 786 645 nibil
800 599 868 661 aeqnls
880 616 909 647 ac
920 599 956 647 li-

22 666 172 719 bertatcm
183 668 268 718 bausit
278 687 283 719 ε
295 667 372 730 civis,
385 672 496 733 senator,
508 672 629 729 maritus,
639 685 728 733 gener,
738 671 832 719 amiens
841 706 849 729 ,
858 672 956 721 cunctis

21 742 102 789 vitre
116 742 203 791 officiis
221 743 360 807 aquisitis,
377 761 455 811 opum
474 755 648 808 contemptor,
660 745 722 791 recti
733 745 865 808 pervicax,
876 761 954 813 cons-

20 828 100 865 tans
118 813 239 865 adversm
248 828 339 866 metus.

74 888 125 935 Vl.
141 886 227 949 Erant,
245 887 337 951 quibus
351 890 513 954 appetentior
524 886 594 938 lamae
606 888 750 950 rideretur,
760 887 862 953 quando
875 889 954 937 etiam

25 960 202 1027 sapientibus
221 960 315 1026 cupido
335 962 418 1027 glorie
436 964 574 1012 novissima
591 964 714 1012 crinitur.
732 960 812 1011 Ruinil
831 964 911 1011 soceri
928 963 955 1011 iu

22 1035 159 1083 exsilium
166 1034 264 1099 pulsus,
272 1044 310 1090 ut,
318 1034 403 1082 Galbae
410 1036 563 1100 principatu,
575 1036 662 1095 rediit,
678 1036 827 1084 Marcellum
837 1036 954 1101 Eprium,

25 1108 187 1157 delatorem
205 1105 335 1167 Thrasea,
356 1122 473 1155 accusare
488 1107 642 1172 adgreditur.
662 1110 698 1158 Ea
717 1111 796 1169 ultio,
815 1111 955 1169 incertum,

26 1181 127 1245 major
145 1198 178 1231 su
196 1180 302 1243 justior,
316 1192 430 1229 senatum
444 1180 470 1227 in
484 1181 567 1227 studia
584 1180 727 1232 diduxerat.
742 1185 808 1232 Nam
821 1184 841 1233 si
855 1184 956 1233 caderet

26 1255 196 1313 Marcellus,
211 1270 302 1318 agmen
313 1270 414 1303 reorum
430 1252 597 1305 sternebatur.
609 1254 697 1307 Primo
708 1257 795 1306 minu
808 1267 936 1307 certamen
947 1293 956 1319 ,

28 1342 65 1380 et
76 1330 188 1395 egregiis
199 1329 331 1393 utriusque
340 1327 499 1377 orationibus
511 1338 642 1377 testatum.
652 1330 726 1392 Mox,
739 1329 816 1379 dubii
826 1329 957 1379 voluntate

33 1404 150 1464 Galba,
161 1404 250 1453 multis
260 1416 407 1452 senatorum
423 1401 632 1468 deprecantibus,
646 1404 732 1451 omisit
740 1402 855 1467 Priscns3
869 1404 957 1462 variis,

34 1494 71 1529 ut
89 1489 151 1529 snut
167 1476 300 1525 hominum
315 1476 414 1539 ingenia
425 1510 432 1532 ,
445 1473 622 1532 sermonibus,
635 1474 834 1524 moderationem
847 1473 957 1533 laudan.

34 1557 129 1612 tium,
140 1562 185 1599 aut
202 1549 370 1601 constantiam
386 1549 581 1615 requirentium.
601 1548 722 1598 Ceterlrm
739 1546 883 1597 coesneriis
900 1546 957 1608 die,

36 1643 96 1693 qno
110 1626 143 1677 de
152 1627 264 1694 imperio
277 1625 447 1695 Vespasiani
452 1624 599 1685 censebant,
611 1623 741 1689 placuerat
751 1624 826 1674 mitti
834 1622 958 1691 adprim-

38 1706 134 1771 ci'pent
146 1698 263 1769 legatos.
282 1700 350 1748 Hinc
366 1700 433 1747 inter
450 1696 599 1747 Helvidium
605 1710 636 1772 ¹et
649 1698 756 1764 Eprium
767 1712 824 1747 ecre
836 1695 955 1760 jurgium.

36 1775 148 1829 Priscus
161 1774 228 1841 eligi
243 1774 404 1825 noniinotim
423 1771 441 1824 ὰ
457 1772 801 1846 inagistratibusjuratis5
818 1769 957 1822 Marcellus

39 1866 148 1905 umam
162 1847 321 1913 postulabat,
331 1863 385 1911 qua
399 1848 510 1897 consulis
521 1847 645 1913 designati
658 1847 783 1898 sententia
794 1845 885 1895 fuerat.

76 1921 139 1973 vn.
155 1920 205 1971 Sed
217 1919 332 1971 Marcelli
343 1912 456 1971 studium
466 1924 589 1988 proprius
600 1924 679 1973 rubor
691 1924 830 1981 excitabat,
842 1936 888 1978 ne,
899 1916 955 1968 aliia

39 1997 148 2055 electis,
160 1993 318 2061 posthabitus
326 1992 482 2049 crederetur.
494 1994 685 2061 Paulatimque,
695 2014 741 2062 per
749 1994 955 2053 altercationem,

41 2070 79 2120 ad
93 2069 227 2119 continuas
241 2078 267 2115 et
280 2065 383 2114 infestas
395 2066 523 2113 orationes
537 2069 650 2129 provecti
662 2082 721 2116 sunt
729 2104 736 2128 ,
748 2078 872 2132 quarente
888 2065 955 2113 Hel-

40 2140 132 2199 vidio,
152 2156 167 2187 u
176 2137 238 2203 quid
253 2139 288 2185 ita
300 2137 437 2185 Marcellus
446 2130 572 2199 indicium
586 2137 777 2201 magistratuum
789 2132 956 2202 pavesceretl

42 2230 102 2265 esse
113 2214 152 2261 illi
162 2211 309 2277 pecuniam,
322 2220 347 2257 et
355 2209 540 2275 eloquentiam,
552 2207 609 2273 qula
621 2208 717 2257 multos
729 2210 849 2267 anteiret,
859 2208 885 2254 ni
897 2224 956 2255 me·
999 2219 1003 2229 '

43 2286 130 2339 morit
143 2286 294 2350 flagitiorum
310 2294 451 2347 urgeretur.
466 2281 538 2330 Sorte
550 2292 577 2330 et
594 2280 656 2330 urnii
669 2298 754 2330 mores
764 2298 816 2329 non
828 2281 955 2329 discerni:

44 2360 165 2423 suffragia
174 2369 201 2407 et
212 2358 425 2405 existimationem
438 2352 541 2403 senatris
549 2365 664 2418 reperta,
677 2364 705 2403 ut
715 2355 741 2402 in
748 2353 955 2417 cujusqneritam

43 2436 192 2496 famamque
204 2442 367 2499 penetrarent
377 2447 383 2477 ε
395 2426 566 2495 Ροῑῑίιιετειαά
577 2428 714 2476 utilitatem
725 2428 884 2493 reipublice,
896 2441 956 2489 per·
1002 2493 1005 2498 ξ

46 2504 172 2560 tineread
183 2504 334 2570 Vespasiani
346 2502 480 2562 bonorem,
492 2517 626 2569 occurrere
640 2501 691 2558 illi,
703 2498 955 2565 quoe'innocentissi·

46 2596 106 2631 mos
122 2588 221 2625 senatus
232 2576 339 2632 habeat,
353 2576 398 2639 qui
409 2573 521 2623 honestis
538 2574 697 2622 sermonibus
712 2589 784 2621 aures
795 2568 955 2638 imperatoris

47 2653 177 2703 imbuant.
195 2650 282 2698 Fuisse
301 2645 456 2714 Vespasiano
472 2649 610 2697 amicitiam
629 2664 688 2696 cnm
704 2646 828 2707 Tbrasei,
844 2646 956 2705 Sorano,

47 2726 154 2775 Sentio:
168 2739 275 2787 qnorum
292 2732 460 2781 accusatores,
480 2722 580 2770 etiamsi
593 2721 679 2786 puniri
695 2738 747 2769 nou
761 2731 890 2785 oporteat,
909 2733 955 2764 os·

48 2800 145 2851 tentam
156 2814 208 2845 non
219 2796 311 2847 debere
324 2813 330 2844 :
343 2793 395 2843 boc
406 2782 507 2843 senatus
520 2793 615 2857 judicio
630 2795 699 2843 velut
713 2794 846 2843 admoueri
858 2794 956 2859 prinei-

49 2892 110 2944 pem
120 2909 126 2930 ,
137 2886 200 2935 qnos
210 2871 301 2936 probet
309 2906 316 2927 ,
325 2885 389 2934 qnos
399 2867 549 2918 reformidet
559 2886 565 2916 :
579 2870 677 2917 nullum
693 2868 774 2934 majus
782 2869 843 2917 boni
854 2866 956 2933 imperii

52 2956 263 3005 instrumentum,
277 2942 353 3009 quim
372 2944 453 2991 bonos
470 2942 566 2991 amicos
583 2959 646 2991 esse.
662 2945 727 2992 Satis
739 2944 875 3004 Marcello,
887 2942 957 3006 quod

51 3026 178 3077 Neronem
194 3019 220 3066 in
234 3018 341 3065 exitium
353 3030 392 3066 tot
406 3018 578 3066 innocentium
592 3018 730 3082 impulerit.
743 3016 880 3067 Frueretnr
892 3031 958 3080 pre-

51 3100 111 3151 miis
121 3106 146 3143 et
156 3091 307 3157 impunitate
317 3110 324 3153 5
335 3090 518 3165 Vespasianum
530 3090 677 3138 melioribus
690 3091 877 3153 relinqueret».

84 3169 156 3223 Vlll.
174 3163 326 3225 Marcellus,
339 3180 354 3211 u
362 3180 415 3211 non
424 3180 494 3211 auam
504 3164 656 3214 sententiam
669 3164 824 3227 impugnari,
837 3158 881 3207 aed
892 3177 956 3210 con.

50 3248 131 3301 sulem
139 3240 297 3304 designatum
306 3238 431 3287 censuisse
438 3237 568 3296 edicebat,
576 3234 822 3285 usecundnmvetera
829 3234 955 3300 exempla,

49 3339 103 3393 qne
112 3326 208 3373 sortem
218 3312 386 3381 legationibus
397 3312 555 3381 posuissent,
569 3325 601 3361 ne
611 3308 749 3363 ambitioni
762 3308 956 3432 autpnmicitbs
