2100 3709
113 63 162 116 ¹¹8
429 79 455 118 o.
473 81 569 122 corn.
586 80 703 124 nsoter

110 161 157 225 qni
168 158 220 208 dux
231 158 315 225 gentis
322 156 448 222 Etrusca,
459 150 538 226 uuam
549 167 673 218 auxilium
681 166 838 234 appellatum
848 169 1013 243 ductaritaet,

109 235 196 284 sedern
207 249 263 282 eam
278 245 410 299 acceperat
423 234 438 284 'a
450 236 589 302 Tarquinio
605 241 707 299 Prisco,
721 258 766 290 seu
779 245 837 310 quis
852 249 919 298 alius
931 267 1014 318 regum

109 306 194 356 dedit:
204 323 263 356 uam
272 308 408 372 scriptores
416 310 442 358 in
451 325 482 359 eo
491 309 659 364 manentium:
668 327 751 367 cetera
758 333 810 367 uon
819 321 941 388 ambigua
950 338 1014 387 sant,

106 377 211 446 mng'nas
222 397 264 431 eas
275 384 361 448 copisa
371 399 416 448 per
428 385 502 450 plana
516 388 593 438 etiam
604 403 633 436 ae
646 387 702 437 foro
716 391 861 459 propinqua
871 393 1011 459 hibirssse,

106 455 174 506 nndl
187 457 303 508 Tuscum
313 457 400 506 vicum
409 456 425 504 ὲ
433 455 558 510 vocabulo
569 461 724 512 advenarum
734 462 843 518 dictum.

137 529 233 580 LXVI.
245 528 294 577 Sed
303 540 333 577 ut
340 530 424 605 studia
434 548 570 597 procerum
579 572 587 596 ‚
599 548 626 586 et
634 536 735 602 largitio
745 540 867 608 principis
878 537 1013 600 adversum

106 619 193 655 essum
205 603 325 652 solatium
335 604 460 670 tulerant;
475 608 511 658 its
519 621 694 672 accusatorum
702 610 783 674 major
793 615 818 663 in
831 614 885 666 dies
896 629 924 674 at
935 620 1014 672 tarso

101 681 155 728 tior
162 680 200 727 rit
208 676 412 728 rineleranrento
420 682 580 744 grassabatur
588 702 594 732 ι
602 684 912 750 corripueratqueVarurn
919 695 1015 758 Quino-

103 754 189 803 tilium
201 751 322 809 divitem,
333 761 359 799 et
370 753 461 802 cesari
472 758 660 822 propinquum,
672 758 803 809 Domitius
815 761 888 828 Ales,
900 766 1013 816 Claudia

102 824 230 884 Pulchre,
247 826 338 874 matris
353 825 408 890 ejus
414 828 634 894 ,condemnatorj
653 833 725 880 nullo
745 834 869 896 mirante,
886 838 959 904 qudd
971 842 1013 892 diu

103 917 191 969 egens,
205 913 231 950 st
240 913 315 966 parto
326 917 408 967 nuper
417 907 520 970 praemio
531 907 595 957 mali
609 924 683 965 usur,
692 909 766 973 plura
777 909 808 958 ad
819 910 913 978 flagitia
924 919 1013 966 accin-

101 989 212 1047 geretur.
224 976 346 1026 Publium
358 979 515 1030 Dolabellam
525 984 622 1032 socium
634 983 766 1034 delationis
778 989 917 1049 exstitisse,
931 993 1011 1042 mira·
1031 985 1032 1024 l

101 1055 160 1104 calo
175 1061 242 1116 erat,
252 1051 313 1115 quia
330 1052 404 1102 clarit
422 1054 572 1119 majoribus,
585 1069 612 1106 et
621 1058 690 1106 Varo
707 1075 850 1126 connexus,
867 1080 942 1113 suam
956 1068 1008 1131 ipse
1031 1055 1032 1108 l

101 1128 271 1185 nobilitatem,
282 1141 357 1175 suurn
370 1130 519 1194 sanguinem
533 1132 662 1197 perditum
676 1133 739 1183 ibat.
751 1133 854 1184 Restitit
865 1148 956 1188 tamen
970 1157 1012 1188 se·
1031 1119 1032 1182 l

98 1199 189 1262 natus-¹,
205 1213 232 1251 et
247 1204 435 1271 opperiendum
447 1208 639 1275 imperatorem
651 1209 764 1258 censuit:
778 1209 847 1274 quod
862 1217 947 1262 urium
966 1229 1011 1262 ur·

97 1277 213 1346 gentium
224 1276 352 1326 malorum
364 1277 500 1344 suffugium
511 1282 537 1329 in
550 1291 649 1348 tempus
660 1293 723 1331 erat.

96 1365 107 1413 r
129 1350 238 1400 vatt.
249 1352 285 1401 At
292 1352 374 1402 cesar
380 1351 503 1404 dedicatis
511 1372 557 1422 per
566 1356 731 1424 Campaniam
740 1355 849 1422 templis,
861 1373 1011 1423 quanquam

98 1426 185 1479 edicto
196 1426 353 1493 monuisset,
368 1444 420 1477 ans
435 1429 492 1494 quis
502 1433 615 1494 quietem
625 1431 678 1494 ejus
689 1433 840 1498 irrumperet
849 1447 878 1488 u,
894 1447 1012 1482 concur·
1031 1429 1032 1498 l

97 1518 192 1569 tuaque
200 1500 390 1568 oppidanorum
396 1501 520 1567 disposito
531 1505 613 1552 milite
625 1503 822 1567 prohiberentur
833 1523 840 1569 3
851 1521 962 1570 perotus
975 1519 1010 1556 ta·
1031 1509 1032 1558 l

97 1591 158 1626 men
166 1577 321 1640 municipia,
330 1589 356 1622 et
365 1576 487 1633 colonias,
497 1575 632 1636 omniaque
640 1576 814 1622 incontinenti
824 1579 869 1626 sita
879 1614 884 1632 ,
896 1579 1010 1644 Capreas
1031 1613 1032 1618 =

96 1667 123 1699 se
134 1651 160 1696 ia
171 1648 279 1694 insulam
286 1644 399 1696 abdidit,
410 1643 490 1689 trium
499 1641 681 1694 nrilliumireto
689 1647 720 1696 ab
729 1651 849 1694 extremis
860 1650 1009 1704 Surrentini
1031 1655 1032 1718 l

93 1715 262 1788 promontorii
272 1714 434 1776 disjunctam.
443 1714 612 1764 Solitudinem
626 1719 679 1778 ejus
690 1721 812 1785 placuisse
824 1725 939 1773 maxime
955 1746 1009 1779 cre·
1031 1721 1032 1770 l

94 1793 216 1844 diderim,
228 1790 348 1854 quonism
359 1789 547 1852 importuosum
555 1789 621 1838 circi
630 1808 699 1840 mare
705 1829 713 1855 ,
724 1793 799 1842 strix
809 1794 916 1848 modicis
925 1805 1009 1854 navi.
1031 1781 1032 1860 l

93 1870 141 1936 giis
152 1882 230 1934 pauca
245 1859 373 1926 subsidia3
386 1878 467 1925 neque
481 1863 609 1928 adpulerit
623 1869 771 1932 quisquam,
783 1861 830 1918 nili
845 1889 925 1936 gnaro
940 1895 1010 1929 cufl-

92 1943 155 1993 tode
163 1959 168 1988 z
176 1939 231 1988 coeli
243 1940 375 2001 temperies
383 1933 563 1998 biememitis,
574 1939 676 2006 objectu
684 1945 778 1993 montis
786 1980 792 2001 ,
801 1959 851 2008 quo
863 1963 928 1998 sava
937 1969 1007 2003 ven.

90 2028 177 2067 torum
189 2021 324 2060 arcentur:
340 2021 410 2060 astas
423 2011 448 2060 in
463 2013 607 2064 Favonium
619 2015 739 2080 obversa,
758 2029 784 2066 et
799 2031 887 2085 aperto
897 2024 1006 2076 circfim

89 2091 180 2160 pelago
190 2102 348 2154 peromnem,
360 2088 587 2154 prospectabatque
600 2090 799 2159 pulcherrimum
810 2096 908 2156 sinum,
922 2112 1007 2150 anre.

89 2183 165 2231 quam
174 2163 302 2211 Vesuvius
313 2177 387 2211 mons
400 2163 534 2215 ardescens
549 2165 639 2216 lsoiem
651 2168 701 2216 loci
714 2179 832 2218 verteret.
846 2171 949 2244 Graecos
971 2192 1003 2224 sa

87 2242 212 2295 tenuisse,
229 2238 388 2301 Capreasque
403 2238 522 2287 Telebois
539 2239 678 2300 habitatas,
694 2241 760 2290 lama
775 2243 861 2293 tradit.
877 2245 927 2294 Sed
938 2257 1001 2302 tum

87 2312 207 2363 Tiberius
220 2307 356 2358 duodecim
368 2309 488 2359 villarum
503 2311 667 2370 nominibus,
682 2325 707 2360 et
721 2317 831 2366 molibus
845 2317 998 2391 insederat5
1031 2333 1032 2368 1

87 2386 183 2453 quanto
193 2388 305 2436 intentus
317 2383 380 2433 olim
389 2383 503 2451 publicas
512 2384 544 2432 ad
556 2403 640 2446 curas,
652 2389 722 2438 tanto
732 2391 854 2441 occultior
863 2393 979 2445 inlusus
989 2431 997 2461 ,

84 2474 112 2511 et
123 2463 218 2511 malum
233 2463 315 2510 otium
326 2460 461 2508 resolutus.
473 2462 593 2510 Manebat
604 2463 697 2529 quippe
711 2466 883 2529 suspicionum
895 2477 921 2516 et
933 2485 998 2519 cre.

85 2534 163 2584 dendi
172 2537 308 2595 temeritas,
317 2535 500 2598 quamSejaaut
509 2551 600 2598 augere
607 2537 683 2585 etiam
693 2539 719 2585 in
728 2538 790 2587 urbe
797 2553 896 2602 suetus,
906 2542 995 2594 acribo
1031 2557 1032 2582 ὲ

83 2605 280 2664 tu1·babal,non
296 2607 346 2666 iam
362 2606 469 2654 occultis
485 2605 621 2656 advertitur
636 2608 802 2676 Agrippinam
817 2619 843 2664 et
859 2615 993 2666 Neronem
1031 2673 1032 2678 ¹

82 2681 182 2733 insidiis
193 2701 199 2730 :
212 2679 267 2744 quis
276 2679 377 2726 additus
387 2678 460 2725 miles
469 2714 476 2732 ,
485 2680 602 2738 nuntios,
614 2683 733 2735 introitus
739 2723 747 2750 ,
761 2701 846 2754 aperta
856 2725 861 2742 ,
875 2701 991 2755 secreta,

83 2756 190 2807 velutin
204 2753 306 2802 annales
320 2750 463 2800 referebat:
477 2751 595 2818 ultroque
605 2757 782 2820 struebantur,
797 2763 841 2826 qni
854 2777 991 2816 monerent
1031 2801 1032 2808 ,

81 2829 212 2895 perfugere
224 2826 256 2877 ad
274 2827 415 2876 Germania
426 2825 564 2886 exercitus,
581 2831 620 2879 rel
638 2833 802 2886 celeberrimo
814 2836 864 2886 lori
879 2835 990 2902 effigiem

81 2903 137 2952 divi
148 2903 255 2968 Augusti
269 2897 402 2964 amplecti,
418 2899 594 2966 populumque
610 2921 639 2952 ao
653 2920 767 2958 renatum
778 2911 874 2960 ,milio
885 2927 988 2964 poem,

66 2976 166 3044 „anue
174 2989 257 3044 spreta
269 2976 301 3026 ab
313 2975 377 3033 illia,
390 2975 460 3024 relut
471 2989 603 3041 pararent,
615 2981 810 3045 objiciebantur,

111 3051 233 3105 valss.
244 3050 321 3101 Junio
330 3050 415 3100 Silano
424 3087 430 3107 ,
440 3061 467 3098 et
475 3049 538 3098 sitio
546 3053 629 3102 Nervi
639 3055 710 3107 Coss.
721 3057 817 3109 foedum
824 3059 882 3110 anni
891 3058 988 3127 princi·¹

77 3128 151 3192 pium
164 3127 279 3190 incessit,
290 3137 370 3175 tracto
384 3126 410 3174 io
423 3137 549 3174 carcerem
562 3126 657 3178 illustri
669 3130 753 3196 equite
768 3133 899 3191 Romano,
913 3135 983 3186 Titio

67 3195 223 3262 *Sabino,ob
232 3200 369 3250 amicitiam
380 3198 539 3250 Germanici:
549 3210 629 3267 neque
640 3206 708 3254 euim
718 3209 837 3258 omiserat
845 3207 980 3274 conjugem
1031 3209 1032 3260 ξ

33 3300 35 3304 ·
74 3275 218 3342 liberosque
232 3277 286 3342 ejus
295 3273 437 3343 percolere,
450 3285 559 3325 sectator
570 3276 653 3337 domi,
664 3295 748 3330 comes
759 3283 784 3330 in
796 3283 913 3348 publico,
922 3277 982 3350 post
1031 3313 1032 3352 3

76 3353 231 3404 totolieutes
242 3369 323 3420 unus5
336 3349 417 3424 eoque
429 3350 498 3421 apud
506 3351 589 3406 bonos
600 3353 715 3407 laudatus
722 3394 730 3421 ,
740 3369 768 3410 et
780 3360 864 3426 gravis
875 3359 976 3426 iniquia.
1031 3353 1032 3366 ³
