2100 3709
286 37 521 79 araronrannu
542 41 606 82 nra.
625 25 682 83 1¹11.
888 33 937 102 407

24 119 151 186 adeptus,
162 120 222 169 Jovr
235 133 347 171 cusront
360 124 484 188 templum
496 125 597 188 ingens,
610 141 685 188 seque
698 125 723 172 in
732 123 789 174 sinu
802 124 843 174 dei
853 143 938 176 sacra-

26 197 74 248 rit.
93 197 201 244 Sabinus
219 209 244 246 et
261 197 361 246 Atticus
375 200 471 246 onerati
485 202 580 248 catenis
589 237 595 260 ,
612 200 687 248 etad
703 201 837 250 Vitellium
851 201 937 270 ducti,

24 283 189 332 nequaquam
203 268 294 318 inserto
305 287 422 320 sermone
435 272 557 336 vultuque
567 273 742 338 excipiuntur,
755 273 939 333 frementibus,

26 345 72 405 qui
86 342 128 406 jus
146 343 234 403 caedis,
250 357 275 392 et
292 346 393 408 praemia
411 357 507 392 navata·
526 361 624 412 operar,
643 347 773 411 petebant.
795 348 907 395 Clamore
923 347 938 396 d

23 417 155 480 proximis
170 428 237 475 orto,
253 416 353 464 sordida
370 434 429 482 pars
442 419 524 483 plebis
538 421 690 484 supplicium
706 421 792 468 Sabini
809 422 937 486 exposcit,

25 490 111 536 minas
122 489 330 554 adulationesque
340 493 438 539 miscet.
449 492 562 540 Stantem
570 509 616 558 pro
625 492 742 556 gradibus
753 494 840 558 palatii
848 493 935 543 Vitel-

25 562 102 623 lium,
113 576 139 612 et
146 581 235 630 preces
242 576 381 630 parantem,
392 566 520 631 pervicere
528 577 558 614 ut
567 567 707 616 absisteret.
716 567 781 616 Tum
792 567 939 617 confossum

26 639 270 704 collaceratnrnque,
282 652 307 688 et
318 641 413 691 absciso
423 641 505 707 eapite
516 653 635 690 truncum
647 657 739 707 eorpus
749 641 836 690 Sabini
847 642 871 690 iu
883 642 938 690 Ge-

26 712 128 759 monias
139 711 252 762 trabunt

21 819 23 823 .
62 785 172 836 LXXV
192 785 242 833 Hic
253 785 334 834 exitus
348 787 396 834 viri
408 785 476 836 baud
491 786 550 836 sarie
564 786 708 855 spernendi.
722 787 841 852 Quinque
854 758 939 844 setrid·

26 860 99 925 ginta
112 861 255 927 stipendia
250 881 275 910 in
286 864 417 929 republica
425 863 535 926 fecerat,
550 864 621 913 domi
632 864 778 927 militiaque
789 867 879 912 clarus.
892 862 939 930 ln·

29 935 178 984 nocentiam
188 935 361 1001 justitiamque
370 939 423 1001 ejus
434 957 485 988 non
493 955 624 1005 argueres:
636 941 759 988 sermonis
768 937 862 986 nimius
871 947 940 984 erat:

26 1006 53 1056 id
63 1025 145 1056 unum
155 1020 257 1074 septem,
265 1012 353 1068 annis,
365 1012 458 1074 quibus
469 1013 602 1073 Moesiam,
614 1012 764 1072 duodecim,
775 1011 865 1075 quibus
873 1025 940 1074 pras·
957 1034 959 1038 ·

28 1081 157 1130 lecturam
166 1081 238 1131 urbis
246 1083 371 1145 obtinuit,
380 1082 550 1133 calumniatus
560 1097 598 1144 est
608 1101 705 1134 rumor.
717 1085 745 1133 In
754 1086 803 1132 fine
815 1086 886 1146 ritae,
897 1083 942 1131 alii

29 1169 146 1238 segnem,
154 1155 229 1203 multi
236 1153 406 1213 moderatum,
416 1168 442 1204 et
450 1157 544 1204 citrium
554 1159 681 1240 sanguinis
690 1169 793 1223 parcum
803 1157 942 1208 credidere.

31 1227 137 1287 Quod
122 1240 196 1276 mter
216 1244 304 1276 onmes
324 1229 480 1291 eonstiterit,
503 1241 561 1278 ante
584 1231 754 1295 principatum
776 1229 940 1296 Vespasiani,
989 1248 992 1251 “

32 1301 112 1350 decus
124 1301 216 1352 domus
229 1319 307 1367 penes
322 1302 442 1352 Sabinum
452 1315 514 1352 erat.
527 1301 655 1350 Caedem
635 1318 688 1366 ejus
698 1305 779 1350 laetam
791 1301 867 1351 luisse
881 1304 943 1350 Mn-

33 1377 110 1424 ciano
120 1377 274 1445 accepimns.
287 1377 306 1424 F
309 1376 412 1423 erebant
423 1377 538 1441 plerique
549 1378 649 1424 uetiam
660 1392 715 1440 paci
709 1360 887 1436 'consultum,
899 1375 942 1425 di-

33 1450 136 1534 rempta
147 1451 319 1498 emulatione
314 1461 378 1497 mter
393 1447 470 1504 duos
484 1467 593 1533 quornm
605 1452 668 1498 alter
682 1467 706 1497 se
718 1448 820 1498 fratrem
832 1451 944 1514 impera-

32 1524 99 1572 toris
110 1561 118 1581 ,
130 1524 193 1574 alter
206 1534 350 1572 consortem
362 1525 462 1590 imperii
473 1523 595 1588 cogitaret
606 1541 629 1572 n.
642 1523 691 1571 Sed
703 1523 824 1574 Vitellius
832 1522 943 1570 consulis

35 1598 190 1662 supplicium
206 1600 321 1664 poscenti
338 1601 434 1664 populo
451 1601 561 1658 restitit,
578 1600 705 1666 placatus,
725 1613 753 1646 ac
770 1597 840 1645 velut
857 1595 941 1644 vicem

33 1671 158 1732 reddens,
175 1673 244 1737 quaid
261 1675 474 1739 interrogantibus
491 1676 570 1747 aquis
584 1674 738 1760 Capitolium
749 1670 902 1720 incendisset
911 1687 944 1733 n,

35 1761 62 1794 se
80 1762 155 1795 reum
170 1746 271 1797 Atticus
286 1749 422 1800 obtulerat.
435 1748 520 1834 Eique
532 1747 703 1814 confessione,
714 1748 767 1797 sivs
779 1756 866 1812 aptum
877 1757 946 1794 tem·

31 1834 87 1882 porr
81 1818 261 1869 'mendacium
272 1821 328 1877 luit
337 1820 458 1874 invidiam
470 1825 614 1888 crimenque
623 1822 763 1888 agnovisse,
775 1817 821 1868 eta
830 1815 945 1884 partibus

31 1890 135 1940 Vitellii
146 1893 263 1940 amolitus
277 1893 419 1944 ridebatur.
470 1920 473 1927 ¹

64 1963 190 2016 LXXVI.
205 1966 299 2014 lisdem
314 1966 403 2027 diebus
420 1967 450 2015 L.
467 1969 604 2028 Vitellius,
621 1966 796 2034 positis-apud
813 1966 948 2016 Feroniam

31 2037 139 2096 castris,
152 2037 249 2086 excidio
261 2039 400 2088 Tarracinae
411 2039 577 2100 imminebat5
593 2041 684 2088 clausis
698 2041 750 2086 illic
768 2039 949 2104 gladiatoribus

36 2111 242 2176 remigibusque,
256 2115 299 2177 qui
309 2128 360 2162 non
370 2130 409 2178 egr
416 2112 456 2161 edi
468 2115 573 2175 moenia,
584 2130 665 2176 neque
675 2111 816 2178 periculum
826 2112 851 2159 in
861 2106 947 2176 aperto

36 2179 177 2237 audebant.
190 2188 311 2250 Praeerat,
325 2199 354 2236 ut
371 2186 445 2253 suprai
457 2187 670 2246 memoravimus,
690 2183 803 2245 lulianus
817 2184 947 2248 gladiato-

35 2260 125 2327 ribus,
140 2260 295 2328 Apollinaris
309 2262 460 2327 remigibus,
477 2261 580 2310 lasciua
595 2255 762 2322 socordiaque
776 2257 946 2324 gladiatorum

35 2336 133 2398 magis,
142 2335 218 2401 quim
229 2335 321 2384 ducum
334 2337 437 2387 similes.
449 2336 508 2385 Non
518 2335 616 2400 uigilias
628 2349 712 2398 agere,
724 2348 776 2380 uon
789 2333 869 2380 intuta
881 2347 949 2378 mos·
974 2355 982 2361 ·

36 2409 110 2458 nium
122 2409 237 2471 firmare,
251 2423 329 2459 noctu
341 2410 431 2474 dieque
443 2411 521 2468 fluxi,
536 2421 561 2456 et
575 2423 672 2456 amoena
684 2407 797 2455 littorum
809 2420 949 2472 personan-

37 2493 90 2542 tes,
110 2483 321 2532 inministerium
336 2484 412 2533 luatis
431 2482 549 2548 dispersis
563 2480 704 2538 militibus,
722 2478 753 2526 d'e
769 2479 836 2527 bello
849 2477 949 2528 tantirm

35 2556 103 2604 inter
115 2557 233 2605 convivia
245 2556 424 2620 loquebantur.
434 2555 530 2604 Paucos
542 2566 599 2604 ante
614 2553 668 2601 dies
680 2553 828 2601 discesserat
842 2551 952 2616 Apinius

36 2629 98 2678 Tiro
110 2650 116 2690 3
130 2628 252 2693 donisque
263 2646 292 2677 ac
307 2631 420 2695 pecuniis
438 2628 525 2678 acerbe
539 2643 583 2694 per
600 2626 739 2692 municipia
752 2623 949 2692 conquirendis,

36 2707 96 2771 plus
107 2705 206 2753 invidiae
217 2703 292 2768 qnam
302 2707 394 2754 virium
404 2705 518 2769 partibus
529 2703 646 2750 addebat.

65 2777 200 2830 LXXVII.
208 2777 385 2828 tuserimadt..
393 2779 529 2829 Vitellium
538 2775 744 2840 serrusVerginii
752 2775 949 2841 Capitoniapem

32 2850 303 2920 fugit,pollicitusque,
312 2855 352 2902 «si
359 2853 504 2919 presidium
516 2853 650 2916 acciperet,
657 2865 761 2898 vacuam
770 2865 851 2915 arcem
859 2849 949 2898 furtim

32 2925 187 2974 traditurum
197 2945 211 2975 u
225 2965 232 2987 ‚
244 2927 325 2976 'multa
334 2938 408 2976 nocte
419 2925 536 2974 cobortes
547 2923 692 2990 expeditas,
705 2924 809 2972 summis
822 2923 949 2972 montium

22 2993 112 3062 jugis,
126 3015 199 3065 snper
221 3013 297 3065 caput
308 2999 420 3048 bostium
436 3000 517 3048 sistit:
531 2998 591 3049 inde
608 2997 681 3046 miles
697 2996 728 3044 ad
745 2997 836 3043 caedem
852 2996 947 3058 magis,

14 3117 16 3120 .
30 3071 107 3134 quarn
117 3074 147 3121 ad
157 3090 271 3139 pugnam
281 3074 393 3124 decurrit
405 3092 411 3122 :
421 3086 538 3124 sternunt
548 3077 668 3129 inermes,
679 3084 722 3118 aut
732 3088 799 3118 arma
809 3071 947 3134 capientes,

30 3155 56 3190 et
66 3146 190 3209 quosdam
203 3165 293 3198 somno
306 3150 402 3198 excitos
413 3167 419 3206 ;
432 3166 511 3212 quum
520 3149 647 3206 tenebris,
661 3159 769 3210 parcre,
781 3143 862 3192 sonitu
875 3141 949 3191 tuba·

29 3234 99 3278 rum,
109 3220 220 3269 clamore
229 3220 276 3270 hos
285 3223 325 3268 tili
339 3221 512 3270 turbarentur.
523 3223 601 3269 Pauci
612 3219 778 3284 gladiatorum
788 3217 946 3277 resistentes,

29 3304 109 3358 usque
122 3293 196 3354 inulti
211 3295 324 3364 ceciderge
342 3311 348 3342 z
364 3295 442 3354 ceteri
456 3294 488 3344 ad
503 3309 580 3354 nares
592 3293 714 3353 ruebant,
728 3290 773 3340 ubi
789 3299 877 3342 curtata
893 3289 947 3354 pari
