2100 3709
358 87 614 139 tenimentis.
632 86 700 129 xre.
769 117 771 123 .
929 89 979 147 209

36 168 225 231 eredebant,
243 182 272 220 ut
286 171 335 220 nisi
346 172 527 238 preveniretur
537 170 693 236 Agrippina,
704 166 864 242 pereundum
879 169 977 222 Neroni

36 256 134 293 esset.
158 243 231 293 Post
246 243 340 309 Seneca
357 243 480 292 haetenus
493 245 652 310 promptior,
666 240 792 309 respice'te
810 243 933 301 Burrum,
947 258 977 292 ae

37 317 204 377 sciscitari,
212 335 245 366 cn
259 319 356 368 ‹tmiiiti
368 309 514 388 impetendo
522 317 601 367 cedes
611 328 697 367 essetn
709 314 721 366 i
735 317 801 366 nilis
813 317 976 383 pretorianos

37 391 100 438 toti
119 391 262 442 Caesarnrn
273 392 362 442 domui
380 393 516 442 obstrictos
527 428 534 451 ,
544 406 722 455 memoresque
736 390 896 448 Germanici,
909 388 977 443 nihil

40 461 188 518 adversus
206 468 352 531 progeniem
367 465 422 532 ejus
432 478 503 516 atrox
513 481 649 525 ausuros»,
659 463 808 530 respondit:
822 474 977 530 «perpetra-

39 546 87 583 ret
107 535 247 588 Anicetus
263 538 419 605 promissas.
442 541 495 605 Qui
511 538 734 604 nihiicunctatus,
750 538 835 604 poscit
848 551 975 586 summam

42 607 175 658 sceleris.
191 609 234 659 Ad
242 626 299 660 enm
309 627 398 660 vocem
410 611 495 672 Nero,
506 612 573 660 cilio
582 613 631 660 eibi
640 611 681 659 die
693 609 749 660 dari
760 611 907 674 imperinm,
914 626 977 658 euc-

45 690 200 746 torernque
212 685 277 733 tanti
287 687 401 734 muneris
415 685 558 734 libertumn
567 683 720 750 profitetur:
733 686 784 736 iret
792 683 913 750 proptr&
924 683 975 734 du·

45 765 183 819 cereique
196 755 444 823 promptissimos'nd
453 757 524 820 iussa
532 775 559 808 e.
567 759 638 825 Ipse,
650 757 753 818 audito,
764 757 884 806 «venisse
895 757 976 807 missu

47 826 212 896 Agrippino
232 832 351 881 nuntium
369 832 507 898 Agerinum
515 847 542 890 n,
556 848 657 881 scenam
673 831 742 882 uitro
757 831 871 880 criminis
883 842 973 899 parnt,

48 901 245 967 gladiumque,
256 903 316 954 dum
330 905 448 956 mandata
459 904 569 972 perfert,
580 906 667 969 abjicit
679 907 743 955 inter
752 905 830 972 pedes
838 903 907 967 eius:
919 917 975 954 tum

50 976 133 1038 qussi
143 973 323 1042 deprehenso,
338 977 445 1026 evincta
458 975 547 1040 injici»
559 976 643 1042 juhet,
655 988 698 1038 nt,
712 977 834 1026 «exiunm
850 977 972 1043 principis

50 1043 180 1097 inolitam
199 1060 321 1114 matrem,
337 1062 362 1098 et
373 1050 471 1116 pudore
486 1049 638 1118 deprehensi
653 1051 753 1102 sceleris
762 1062 852 1117 sponte
862 1063 973 1100 mortem
1023 1063 1026 1068 ·

52 1122 202 1186 sumpsisse
209 1141 234 1182 n,
247 1123 412 1188 confingeret.

86 1193 166 1242 VIII.
180 1197 285 1246 Interim
295 1197 399 1260 vulgato
410 1192 555 1258 Agrippino
567 1190 696 1260 periculo,
713 1196 784 1260 quasi
794 1211 855 1246 essu
865 1198 969 1246 evenis-

53 1277 94 1314 set
106 1302 114 1327 ,
125 1279 156 1315 ut
169 1270 278 1334 quisque
288 1266 420 1334 acceperat
431 1305 436 1324 ‚
447 1265 580 1315 decurrere
593 1267 626 1315 ad
634 1270 713 1317 tittns.
721 1270 758 1318 Hi
768 1271 873 1318 molium
883 1270 970 1329 obiec-

55 1349 100 1387 tus
109 1371 117 1399 ,
129 1337 155 1386 hi
167 1335 411 1406 proximesiscsphns
424 1336 544 1388 scandere
554 1355 560 1386 :
572 1339 616 1386 aiii
625 1338 748 1405 quentirm
758 1357 848 1406 corpus
857 1345 968 1408 sinebat,

27 1413 29 1418 ’
56 1409 151 1461 vadere
164 1415 193 1464 in
209 1423 294 1472 mere,
310 1413 414 1478 quidam
430 1428 520 1462 manus
536 1411 709 1478 protendere:
722 1416 868 1478 questibus,
885 1419 980 1478 rotis,⁴

57 1484 173 1534 clamore
187 1485 286 1535 diverse
301 1487 483 1550 rogitantium,
493 1495 538 1534 aut
547 1487 644 1535 incerta
654 1485 874 1552 respondentium,
887 1491 969 1539 omnia

57 1574 103 1608 ora
114 1561 240 1626 compteri
256 1579 263 1610 :
281 1559 394 1610 adfluere
410 1562 497 1625 ingens
512 1560 651 1609 multitudo
664 1578 723 1610 curn
733 1561 884 1622 luminibus,
895 1575 970 1627 atque

58 1631 104 1680 ubi
117 1634 272 1682 incolumem
286 1649 341 1683 esse
351 1634 497 1700 pernotuit,
507 1643 538 1680 ut
545 1630 579 1680 ed
588 1631 739 1696 gratandum
749 1669 756 1694 ,
768 1631 821 1682 sese
832 1630 970 1700 expedire,

59 1701 143 1754 donec
157 1705 279 1772 adspectu
294 1707 385 1756 armati
393 1717 421 1754 et
435 1705 577 1755 minitantis
587 1706 693 1770 agminis
704 1706 801 1770 disjecti
814 1721 882 1760 sunt.
899 1711 968 1760 Arri-

57 1786 131 1826 cetus
142 1777 230 1835 risssm
242 1779 350 1826 statione
365 1775 522 1838 circumdet,
538 1776 695 1844 retrecttqne
710 1774 898 1854 janui„obvios
911 1799 966 1833 eer-
1017 1772 1027 1791 “

57 1864 151 1926 rorum
161 1852 265 1918 arripit,
278 1851 358 1902 donec
371 1851 403 1902 ad
414 1849 482 1909 iores
496 1851 608 1904 cubiculi
621 1856 735 1906 reniret:
745 1855 787 1904 cui
793 1858 867 1921 pauci
880 1857 966 1906 adstr-

57 1923 141 1984 bsnt‚
159 1931 248 1978 ceteris
264 1941 359 1978 terrore
376 1930 573 1996 irrumpentium
589 1931 726 1981 exterritis.
744 1930 868 1992 Cubicula
878 1930 966 1980 ruodi-

56 2016 120 2050 curn
137 2001 222 2052 lumen
242 2005 338 2062 inerat,
355 2016 381 2053 et
397 2007 546 2054 anciliorum
564 2023 614 2054 una
631 2024 637 2054 :
655 2008 736 2072 magis
749 1993 782 2057 ec·
795 2006 874 2070 magis
889 2003 965 2057 anxit

61 2075 211 2140 Agrippini,
227 2077 296 2140 quod
307 2076 410 2126 nemci
426 2077 492 2138 titio,
507 2095 536 2124 sc
546 2095 587 2125 ιιι·
595 2078 720 2142 Agerinus
729 2077 842 2142 quidem.
858 2073 965 2131 «Alium

60 2145 202 2215 ferelittore
213 2147 304 2198 faciem
319 2165 386 2198 nunc
397 2153 405 2208 ;
419 2147 584 2196 solitudinem
597 2165 625 2201 ac
636 2151 782 2214 repentinos
795 2152 914 2214 strepitus
923 2185 931 2207 ,
940 2160 966 2199 et

62 2223 166 2270 extremi
177 2223 340 2274 msti'indicia
352 2241 378 2273 n.
392 2221 509 2272 Abeunte
523 2220 615 2268 dehinc
626 2221 730 2285 ausilii,
742 2239 757 2290 n
762 2223 803 2271 Tu
812 2239 912 2288 quoque
921 2239 963 2271 me

62 2296 188 2353 deserunt
205 2295 352 2362 prolocuta,
370 2297 472 2362 respicit
490 2293 640 2357 Anicetum,
657 2294 794 2344 trierarcho
819 2296 961 2351 Hercuieo,

63 2379 89 2417 et
103 2370 227 2425 Oloarito,
249 2371 397 2418 centurione
414 2367 560 2429 classiario,
572 2370 745 2417 comitatum:
757 2385 802 2432 ac,
818 2366 907 2416 tried
922 2368 963 2416 vi·
1024 2408 1031 2431 ,

64 2439 165 2490 sendum
181 2443 306 2498 venisset,
324 2439 432 2491 refotum
448 2440 580 2489 nuntiaret
597 2457 603 2486 :
622 2440 662 2488 sin
682 2438 779 2488 iscinus
799 2450 962 2504 patraturus,
1014 2433 1017 2438 ’

65 2514 127 2564 nihii
136 2529 160 2564 se
171 2513 200 2562 de
211 2515 265 2562 titio
276 2513 395 2580 credere,
407 2530 460 2564 non
471 2513 623 2578 imperatum
634 2511 799 2578 parricidium
808 2529 834 2561 n.
845 2512 963 2561 Circum·

68 2590 157 2637 sistunt
168 2588 259 2636 lectum
274 2602 451 2654 percussores,
464 2595 490 2634 et
499 2586 570 2652 prior
578 2583 730 2637 trierarchus
743 2585 805 2636 fruti
820 2597 897 2652 ceput
906 2584 960 2650 ejus
1008 2624 1010 2627 .

66 2661 167 2710 adflixit.
187 2661 254 2712 Nam
276 2663 302 2711 in
318 2677 427 2714 mortem
440 2661 584 2711 centurioni
599 2660 695 2710 ferrum
709 2661 963 2735 destringentinpro-

67 2735 163 2784 tendens
172 2747 286 2795 uterum,
301 2741 428 2793 Ventrem
440 2735 494 2805 feri
502 2773 512 2799 ,
523 2736 689 2786 exclamavit:
701 2737 838 2804 mult‘uqne
847 2736 960 2787 vulneri·

68 2809 113 2859 hus
123 2807 229 2858 coniecta
243 2819 290 2858 est.
311 2827 313 2832 ’
380 2837 384 2842 -

97 2884 140 2933 ΙΧ.
151 2884 205 2932 Haee
213 2897 337 2932 consensu
341 2881 495 2948 produntur.
504 2882 690 2950 Adspereritne
698 2895 807 2936 matrem
816 2887 960 2936 exanimem

67 2956 144 3014 Nero,
155 2967 179 3004 et
192 2956 299 3007 formum
310 2958 423 3022 corporis
435 2958 487 3022 ejus
496 2957 654 3019 lnudaverit,
666 2970 725 3007 sunt
738 2960 782 3024 qui
791 2958 958 3020 tradiderint,

68 3040 122 3079 sunt
136 3029 174 3093 qui
186 3029 306 3078 abnuant.
319 3030 437 3082 Cremera
447 3042 485 3094 est
495 3043 571 3081 noete
581 3030 671 3080 eidem
681 3032 826 3091 ,convivali
838 3033 921 3096 lecto,
931 3043 958 3080 et

14 3109 19 3114 “
65 3099 178 3166 'exsequiis
188 3101 297 3166 vilibus,
310 3119 407 3168 neque,
419 3103 481 3163 dum
492 3104 561 3153 Nero
572 3120 658 3154 rerum
669 3105 828 3168 potiebatur,
839 3115 958 3168 congesta

67 3189 109 3228 sut
125 3177 198 3224 cisnss
219 3173 312 3230 humus
328 3193 334 3224 :
348 3193 409 3225 mox
426 3177 626 3226 domesticorum
642 3177 813 3244 coridonem
829 3177 958 3226 tumulum

68 3251 166 3316 accepit,
177 3250 242 3298 virm
255 3249 349 3300 Miseni
358 3242 464 3317 propter
474 3287 481 3308 ,
491 3259 518 3298 et
528 3249 618 3298 vitiam
628 3250 733 3298 Cereris
744 3248 887 3308 dictatoris,
902 3266 958 3314 quse
976 3285 984 3292 .

71 3319 967 3398 injectossinusedusttnsprospecnsteeensorogo‚ltbenuejn„
982 3351 984 3354 ·
