2100 3709
120 77 172 131 ott
425 67 461 126 ὀ.
484 84 574 124 coss.
592 79 707 124 rtcrss

121 175 244 224 virtutem
252 207 259 230 ,
267 167 384 236 viresque
394 168 506 235 partium
513 183 529 216 u
542 167 658 221 extollit:
670 163 852 234 «transfugisse
863 165 977 222 clessem
988 189 997 238 3
1010 173 1036 223 in

121 258 193 298 arcto
206 255 378 296 commeatum
391 261 397 292 :
408 241 526 293 adversas
537 242 633 290 Gallias
641 241 826 309 Hispaniasque
837 261 843 290 :
854 242 919 293 nihil
932 246 962 293 in
973 248 1043 295 urbe

120 321 226 372 fidum»
239 335 245 368 :
256 329 332 384 etque
341 316 427 367 omnia
435 313 579 364 deVitellio
591 314 617 362 in
626 313 746 364 deterius.
759 315 820 367 trux
832 315 1040 382 incipientibus,

121 396 166 461 qui
180 393 275 443 conscii
286 390 407 451 aderant,
423 400 521 440 ceteros
532 403 560 436 re
572 386 637 437 novi
654 389 791 448 attonitos,
803 388 828 437 in
843 391 920 439 verbs
929 391 1041 458 Vespa-

122 468 186 517 sisui
194 466 287 532 adigit:
297 463 482 516 simulVitellii
489 462 611 528 imagines
620 461 740 527 dereptae,
750 473 776 510 et
783 462 855 511 mirsi
862 464 907 527 qui
916 462 1041 515 Antonio

120 540 276 596 nuntiarent.
293 540 343 589 sed
354 538 400 588 ubi
409 538 469 588 totis
480 537 569 586 cestris
584 536 610 585 iu
624 533 690 584 tami
705 534 834 603 proditio,
850 535 993 588 recurrens
1012 542 1040 590 in

119 613 246 680 principia
255 611 514 680 miles‚prescriptum
523 607 673 677 Vespasiani
682 625 786 670 nomen,
795 609 922 676 projectus
929 611 1042 664 Vitellii

119 687 213 753 effigies
227 687 361 753 sdspexit3
377 676 479 735 restem
495 682 579 750 prisnb
598 681 742 743 silentium,
762 698 823 732 suos
840 695 935 734 cuncte
957 688 1038 736 simul

119 774 275 831 emmpunt:
288 762 370 813 oliuo
379 761 498 811 cecidisse
508 759 655 809 Germanici
664 758 790 810 exercitus
800 759 921 824 gloriam,
936 772 971 810 ιιι
985 763 1040 811 sine

118 831 213 900 prelio,
222 832 276 879 sine
283 831 398 887 vulnere,
406 828 503 876 vinctas
511 837 642 884 manus,et
650 823 956 892 captetrsderentarma?
967 829 1039 892 Ques

118 905 187 954 enin
195 918 225 952 er
236 901 337 952 diverso
345 899 477 967 legiones?
487 912 580 964 nempe
589 899 668 948 rictas
675 906 686 946 ¹:
697 909 723 949 et
732 897 818 948 abesse
829 900 937 948 unicum
947 900 1036 951 Otho·

117 978 189 1028 niani
198 975 323 1026 exercitlls
336 975 429 1037 robur,
443 975 573 1039 primanos
580 1007 587 1033 ,
598 971 883 1038 quartadecimanosquc
895 990 901 1023 :
915 989 988 1039 quos
999 987 1038 1025 ts·

117 1044 292 1107 men,iisdsm
307 1049 358 1098 illis
372 1048 484 1114 campis,
498 1046 612 1097 fuderint
625 1047 825 1111 straverintque,
842 1058 872 1096 ut
886 1059 928 1097 tot
947 1064 1037 1099 anns-

24 1167 28 1172 .
118 1133 204 1173 tornm
216 1122 295 1172 millia
303 1121 387 1187 ,velut
396 1138 455 1188 grex
464 1120 603 1179 venalium,
614 1120 695 1170 exsuli
703 1119 817 1171 Antonio
826 1118 926 1170 donum
937 1121 1038 1172 dareu.

118 1206 171 1245 tnr.
189 1193 256 1245 Oeto
276 1196 398 1246 nimirum
412 1195 524 1260 legiones
539 1194 711 1244 uuiusclsssis
730 1194 900 1243 accessionem
913 1194 987 1246 fore.
1007 1196 1036 1246 Id

116 1269 208 1325 Βωιι,
220 1267 249 1316 id
259 1269 362 1318 Ceeine
370 1270 471 1328 risum,
481 1267 740 1334 postqnsmvdomos,
756 1265 855 1328 hortos,
875 1283 942 1332 opes
962 1271 1037 1334 prim

116 1341 170 1407 cipi
177 1340 343 1401 abstulerint,
356 1342 433 1390 etism
443 1341 568 1390 militibus
576 1340 718 1407 principem
726 1337 837 1399 auferre,
848 1340 906 1389 lieet
915 1341 1034 1407 integros

115 1416 330 1482 immensosque,
348 1417 476 1466 Flavianis
493 1432 594 1482 qnoque
611 1415 726 1482 partibus
738 1415 809 1465 viles.
827 1415 898 1480 Quid
913 1415 1034 1468 dicturos

115 1492 310 1557 reposcentibus
320 1503 365 1541 sut
377 1507 513 1557 prospers,
523 1500 567 1540 aut
579 1487 683 1539 adverse
692 1486 728 1538 u?

150 1563 226 1618 xlv.
241 1566 300 1615 llec
311 1567 417 1632 singuli,
429 1565 481 1614 beo
492 1564 615 1623 universi,
624 1575 786 1631 utqnemque
796 1562 869 1613 dolor
879 1565 1032 1636 impulerat,

116 1636 284 1697 vociferante·
294 1675 301 1695 ,
312 1639 386 1687 initio
398 1637 412 1686 ai
425 1637 514 1701 quinti
521 1636 623 1699 legione
632 1647 690 1686 orto
704 1655 711 1685 ε
724 1637 844 1702 repositis
853 1638 955 1690 Vitellii
966 1644 1033 1693 ima·

116 1709 234 1775 fiinibus,
244 1710 326 1759 rincls
339 1711 441 1759 cecina
454 1709 573 1772 injiciunt
583 1709 710 1760 :Frisium
723 1711 858 1760 Fabullum
869 1703 983 1777 squirstae
995 1717 1033 1765 le·

117 1783 199 1850 pionis
207 1785 334 1850 legatum,
346 1794 371 1832 et
384 1783 500 1832 Gessium
510 1783 640 1848 Longum,
650 1779 795 1848 prefectum
808 1798 969 1850 castrorum,
983 1790 1035 1841 du-

116 1872 160 1906 ces
171 1855 283 1922 deligunt
293 1855 374 1905 :forte
387 1855 488 1906 oblatos
499 1856 577 1905 trium
590 1854 788 1906 Liburnicarum
804 1857 916 1919 milites,
929 1862 1031 1928 ignaros

116 1938 144 1976 et
155 1925 283 1986 ἰιίιοιιιοι,
296 1927 425 1978 trucidant
435 1946 441 1977 :
453 1928 549 1977 relictis
559 1931 662 1990 cestris,
673 1930 781 1996 abrupte
790 1943 882 1996 ponte,
890 1935 1031 1986 Hostilium

88 2009 96 2019 ⁸
115 2001 217 2059 sursise,
228 2001 287 2050 iude
299 2006 452 2053 cremonam
462 2015 574 2070 pergunt
584 2041 590 2067 ,
602 2016 631 2052 ut
641 2005 801 2070 legionibus,
821 2009 910 2074 primes
925 2009 1031 2074 Italice,

115 2086 144 2124 et
157 2075 353 2125 unietvicesime
366 2076 463 2140 lispsci
476 2074 654 2141 jungerentur,
666 2095 727 2142 quas
740 2079 850 2139 cecina,
860 2081 894 2130 sd
905 2084 1027 2136 obtinen-

115 2147 175 2199 dsm
188 2149 338 2200 Cremonam
348 2185 356 2210 ,
367 2160 507 2217 camparte
517 2150 633 2214 equitum
644 2152 806 2216 praemiserat.

149 2222 210 2274 XV·
224 2223 275 2272 Ubi
287 2223 339 2274 beo
348 2237 479 2292 comperta
491 2225 620 2289 Antonio,
638 2225 767 2276 discordes
780 2227 886 2288 animis,
901 2227 1026 2284 discretos

106 2295 214 2345 ,viribus
222 2294 334 2347 bostium
344 2300 471 2348 exereitus
477 2296 583 2363 adgredi
592 2298 694 2356 ststuit,
704 2309 839 2363 autequam
847 2299 958 2356 ducibus
967 2327 1026 2360 auo·

114 2368 219 2427 toritas,
231 2369 308 2419 militi
322 2371 490 2435 obsequium,
505 2382 532 2421 et
546 2369 639 2432 instetis
654 2371 796 2438 legionibus
806 2370 900 2425 fiducie
911 2380 1025 2436 rediret:

115 2457 226 2506 nemque
236 2442 343 2492 Fabium
354 2443 508 2504 Valentem,
517 2444 661 2511 profectum
672 2446 704 2495 sb
718 2445 779 2494 urbe
789 2481 796 2503 ,
808 2445 1024 2505 adceleraturum.

110 2524 164 2572 que
182 2508 283 2574 cogniti
299 2509 402 2559 Ceciuae
421 2508 582 2576 proditione,
601 2508 757 2574 conjectsbat
771 2531 777 2560 s
793 2524 826 2561 et
835 2512 901 2564 fidus
917 2519 1037 2573 Vitellis

114 2579 224 2641 Fabius,
235 2596 283 2630 nec
297 2581 394 2632 militie
406 2582 518 2647 ignarus.
529 2582 610 2632 Simul
624 2583 712 2647 ingens
724 2582 911 2638 Germsburuns
927 2596 969 2645 'vis
981 2614 1024 2664 per

114 2654 220 2704 Betism
232 2656 368 2706 timebatur
378 2673 384 2704 :
394 2667 420 2705 et
431 2655 579 2713 Britsnuil,
593 2653 741 2722 Gelliique,
754 2669 780 2707 et
793 2661 915 2728 Hispanid
930 2673 1023 2722 auxilie
1035 2647 1036 2669 Χ

114 2726 235 2778 Vitellius
242 2727 382 2790 sccirerat,
391 2728 541 2782 immensam
551 2727 614 2778 belli
622 2731 690 2780 luem
699 2766 705 2787 ,
716 2729 889 2799 niAntonius,
902 2737 929 2788 id
938 2742 1021 2808 ipsum
1034 2765 1035 2780 ι

112 2809 246 2859 metuens,
261 2797 379 2849 festinato
393 2801 480 2865 praelio
495 2802 628 2852 victoriam
640 2806 807 2870 precepisset.
822 2806 949 2862 Universa
965 2833 1021 2868 oum

112 2872 244 2934 exercitu,
258 2873 376 2922 secundis
390 2871 404 2921 d
418 2872 522 2923 Veneni
533 2877 636 2932 eastris,
652 2876 803 2928 Bedriacum
821 2882 891 2931 venit
903 2902 908 2932 :
919 2871 1034 2952 postero*

114 2942 170 2998 die,
183 2943 323 3024 legionibps
339 2944 372 2993 sd
387 2945 555 2996 muniendum
572 2950 694 3010 retentis,
711 2952 845 3015 aurilisres
859 2955 979 3012 cobortes
994 2967 1033 3022 in„

113 3018 311 3067 Cremonensem
325 3034 413 3082 agrum
428 3019 526 3077 misse,
543 3031 573 3069 ut
590 3026 674 3088 specie
688 3025 857 3091 parandarum
870 3035 1032 3099 copiarum„

109 3091 183 3160 civili
191 3090 273 3157 praedi
281 3093 356 3142 miles
368 3094 532 3142 imbueretur.
545 3097 617 3163 Ipse,
630 3116 688 3150 cum
701 3114 810 3165 quatuor
822 3105 933 3158 millibus
946 3114 1016 3177 equi.
1031 3119 1032 3143 t

112 3175 185 3223 tum,
196 3165 229 3213 sd
243 3177 361 3216 octsvum
372 3166 386 3216 l
399 3165 520 3217 Bedriaco
536 3185 698 3235 progressus,
712 3175 764 3238 qud
781 3176 897 3228 licentius
914 3187 1015 3251 popula.
1028 3193 1031 3261 p

110 3248 201 3286 rentur
213 3255 219 3284 ε
231 3239 403 3303 exploratores
413 3240 452 3305 (ut
460 3257 517 3291 mos
529 3243 577 3309 est)
585 3244 685 3310 longius
695 3248 826 3298 curabant.

146 3307 223 3387 ¹V¹⁹
233 3309 415 3372 Quinuferut
425 3311 488 3366 hers
496 3312 547 3366 diei
555 3326 620 3380 erat,
633 3333 711 3384 quum
721 3320 786 3376 citus
795 3329 888 3392 equei,
900 3325 1011 3380 andren.
1022 3275 1030 3382 i

1016 3391 1029 3440 'l
