2100 3709
428 50 452 86 e.
468 49 567 105 ⁴curru.
586 44 704 89 rtc'rrr
923 73 927 80 -
1006 89 1039 117 a

115 108 205 177 esdeln
222 126 383 195 Inguiomero
401 128 520 197 effugium
539 130 627 182 dedit:
648 132 725 185 ceteri
735 127 829 198 passim
844 132 968 190 trucidati
985 156 992 185 :
1024 152 1049 185 e

113 201 246 267 plerosque
256 215 355 253 tranare
366 198 494 269 Visurgim
504 218 639 263 conantes,
651 205 745 270 injecta
756 208 806 255 tela
815 243 824 265 ‚
833 220 880 256 aut
889 212 931 261 ris
939 212 1042 261 ssurni

38 337 49 343 -
113 276 168 333 uis,
181 279 311 343 postremb
326 280 407 338 moles
422 274 553 329 rubutinm
563 316 571 339 ,
583 293 610 329 et
627 280 767 329 incidentes
778 281 858 345 ripe,
878 286 1022 349 operuere

114 348 216 413 quidam
230 352 299 415 turpi
310 344 367 415 fugel
385 353 412 399 iu
424 353 522 401 summai
534 354 655 401 arborum
669 354 735 411 nisi,
751 356 878 418 ramisque
893 373 921 404 se
935 360 1030 405 occul

99 488 103 495 ἢ
114 430 196 471 tentes
208 423 318 473 admotis
328 427 462 491 sagittariis
471 444 516 493 per
528 426 670 476 ludibrium
679 428 820 492 figebantur
828 446 835 475 r
844 430 910 482 alios
918 442 1021 495 prorui
1034 467 1038 472 .
1048 456 1050 472 :

113 498 215 548 arbores
224 499 351 551 adflixdre.
361 505 453 569 Magna
464 522 492 553 ea
503 505 624 567 victoria,
637 522 720 569 neque
730 515 834 553 cruenta
843 504 988 557 nobisluit.

145 573 243 623 XVIII.
263 576 359 640 Quinte
369 575 474 643 abglrorl
484 578 536 628 diei
545 578 577 627 ad
587 590 688 627 noctem
696 580 752 627 cari
762 579 857 643 hostes,
868 580 960 630 decern
971 583 1030 629 rniI

111 644 145 695 litt
159 662 278 711 passuum
288 650 454 701 'cadaveribus
473 662 548 717 nttsue
566 658 643 701 armis
662 653 817 719 opplevere,
836 656 1049 719 repertis‘inter

111 720 192 783 spolia
208 737 297 771 eorum
310 728 420 785 catenis,
433 743 494 790 quas
509 728 534 775 in
548 728 692 783 Romanos,
708 738 803 775 utnon
818 726 898 775 dubio
914 740 1012 777 eventu
1027 764 1042 787 ,

109 804 283 859 portauerant.
293 800 367 849 Miles
379 803 405 850 iu
416 802 480 849 loco
488 802 566 868 prtelii
577 798 710 850 Tiberium
719 804 912 871 imperatorem
924 802 1045 851 saluta-

111 870 164 933 vit,
184 874 325 941 struxitque
341 892 474 943 aggerem,
486 889 512 926 et
530 879 558 936 in
567 876 673 925 modum
690 888 844 942 tropaeorum
854 890 941 941 erma,
956 876 1038 925 sub·

111 947 212 1011 scriptis
220 950 344 999 victarum
354 952 469 1016 gentium
480 952 627 999 nominibus
639 951 771 1017 imposuit.

112 1032 116 1040 ⁴
144 1020 217 1070 XIX.
235 1023 311 1071 Haud
319 1024 425 1089 perinde
437 1024 576 1077 Germanos
586 1026 689 1075 vulnera
699 1061 706 1082 ,
715 1025 815 1085 luctus,
824 1022 938 1082 excidia,
946 1022 1037 1086 quiam

111 1104 141 1141 ea
152 1094 249 1157 species
262 1096 351 1147 dolore
367 1111 393 1146 et
405 1098 443 1148 'ut
458 1098 569 1148 adfecit:
585 1100 629 1163 qui
643 1098 719 1147 modb
734 1098 805 1145 ubire
816 1093 936 1153 sedibus,
952 1106 1032 1142 trans

110 1164 198 1217 Albim
214 1172 350 1221 concedere
394 1173 484 1223 rabant
494 1211 501 1232 ,
511 1191 622 1243 pugnam
633 1174 727 1223 volunt
731 1207 739 1233 ,
749 1184 818 1219 arma
827 1169 948 1235 rapiunt:
961 1168 1032 1232 ple-

109 1236 170 1297 ties,
182 1241 320 1305 primores,
331 1190 463 1309 juddutus,
476 1263 563 1306 senes,
575 1240 1029 1312 agmenRomsnumrepeuteiueur-

111 1323 183 1370 tent,
197 1315 300 1365 turbant
311 1334 317 1365 :
328 1318 458 1384 postremo
471 1318 585 1386 deligunt
595 1321 697 1378 locum,
709 1316 813 1383 flumine
824 1325 850 1364 et
863 1313 933 1362 silvie
945 1313 1024 1365 dau.

110 1395 181 1448 sutn,
192 1386 260 1435 arcti
269 1390 336 1439 intus
344 1392 463 1457 planitie,
474 1406 500 1443 et
508 1392 613 1443 humide
625 1412 631 1441 :
645 1394 831 1454 silvasquoque
841 1384 966 1453 profunde
976 1403 1027 1453 pss·

109 1452 150 1506 lus
159 1462 280 1523 ambibat,
294 1467 342 1515 nisi
352 1470 422 1535 qubd
430 1472 497 1520 latus
509 1488 590 1521 unum
600 1465 747 1533 Angriuarii
757 1468 810 1516 lato
822 1478 911 1528 aggere
918 1463 1027 1510 extule-

110 1543 182 1595 rant,
194 1538 243 1601 qud
254 1536 269 1585 'a
279 1532 416 1590 'Cheruscis
431 1543 613 1587 dirimerentur
624 1553 631 1581 s
645 1537 686 1583 hle
697 1535 776 1599 pedes
786 1535 885 1583 adstitit
893 1552 902 1582 2-
911 1535 1026 1599 equitem

110 1606 1024 1673 propinquislucisterere,utingressissilvamlegiouihusitergoloret.

143 1678 204 1725 XX.
223 1677 292 1725 Nihil
303 1696 332 1725 ex
341 1680 370 1726 iis
378 1680 469 1727 Curari
479 1680 637 1738 incognitum
646 1697 652 1727 z
661 1680 785 1742 consilia,
792 1676 877 1739 locos,
887 1690 1023 1744 prompta,

112 1750 211 1799 occulta
223 1765 344 1809 noverat,
360 1764 479 1816 astusque
497 1751 611 1801 ltostruur
629 1750 656 1797 iu
669 1753 805 1816 perniciem
819 1753 882 1818 ipsis
895 1754 1022 1802 vertebat.

52 1848 58 1857 ·
112 1828 169 1877 Scio
179 1828 308 1877 Tuberoni
317 1830 399 1894 legato
410 1827 488 1877 trudit
497 1829 809 1893 equitem,camputnque:
818 1828 934 1892 peditum
942 1830 1023 1879 aciem

60 1912 61 1917 ’
111 1902 147 1953 ita
158 1902 290 1967 instruxit,
300 1914 329 1951 ut
341 1919 399 1965 pars
409 1919 479 1967 aequo
492 1902 517 1949 iu
528 1902 620 1949 silvanr
630 1900 701 1949 aditu
712 1899 855 1959 incederet,
865 1915 923 1965 pura
933 1901 1025 1964 objec-

113 1986 169 2023 tum
179 1991 294 2040 aggerem
304 1978 442 2025 eniteretur
455 1993 461 2024 ι
475 1975 544 2041 quod
556 1976 680 2035 arduum,
693 1975 754 2033 sibi,
766 1984 849 2023 cetera
860 1974 951 2040 legatis
959 1992 1024 2040 per-

113 2049 201 2119 misit:
215 2052 307 2115 quibus
320 2052 394 2119 plana
405 2063 554 2110 evenerant,
568 2050 640 2102 facile
658 2048 773 2115 irrupere
786 2065 792 2095 ε
805 2046 861 2112 qula
872 2048 1025 2113 impugnrn-

114 2120 162 2171 dus
169 2139 252 2189 agger,
260 2138 289 2173 ut
299 2128 319 2174 si
330 2143 430 2175 murum
441 2124 617 2186 succederent,
622 2124 739 2191 gravibus
745 2122 852 2187 superne
861 2119 955 2170 ictibus
964 2140 1026 2171 corr*

114 2194 284 2246 dictabantur.
298 2200 382 2249 Sensit
397 2200 446 2249 dux
465 2196 721 2266 imparemgcomim'ts
731 2198 1024 2263 pugnam,remotisque

108 2268 218 2333 'paullum
235 2262 390 2335 legionibus,
407 2268 548 2323 funditores
565 2274 749 2335 libratoresque
775 2280 892 2317 excutere
915 2270 979 2328 tels,
997 2280 1024 2317 et

114 2346 265 2409 proturbare
282 2346 380 2398 bostem
399 2349 485 2413 jubet:
500 2349 582 2397 misse
595 2347 609 2394 ὲ
624 2345 757 2400 tormentis
771 2342 861 2403 bastae,
878 2346 1023 2407 quuntdque

110 2420 245 2485 ,conspicui
254 2426 334 2489 magis
343 2425 553 2491 propugnatorelt,
561 2422 632 2471 tantb
642 2420 757 2495 pluribus
764 2417 912 2467 vulneribus
922 2417 1022 2482 dejecti.

115 2490 216 2543 Primus
228 2496 309 2559 Cpsar
323 2483 381 2549 iim
391 2500 516 2563 praetoriis
532 2497 690 2555 cohortibus,
704 2506 779 2558 capto
793 2493 874 2547 vallo,
885 2491 957 2539 dedit
970 2495 1023 2541 im-

115 2579 204 2630 petum
224 2570 249 2617 in
266 2572 342 2619 silvas
359 2589 364 2618 :
382 2552 475 2617 collato
494 2571 546 2617 illic
561 2567 641 2632 gradu
654 2581 778 2617 certaturn
791 2585 797 2615 ε
810 2565 934 2617 hostemd
950 2579 1021 2634 tergo

24 2640 33 2649 “
115 2638 201 2701 palus,
211 2638 339 2691 Romanos
351 2643 445 2689 flumen
456 2654 499 2693 aut
512 2652 612 2692 montes
624 2640 794 2688 claudebant:
807 2641 922 2703 utrisque
933 2656 1020 2689 neces·

115 2710 175 2757 sitas
194 2712 219 2759 in
237 2714 309 2771 loco,
326 2731 382 2783 spes
400 2715 426 2763 in
445 2715 558 2771 virtute,
573 2714 641 2766 sulus
651 2730 683 2772 ex
699 2713 815 2762 victorii.

147 2785 223 2834 XXI.
236 2788 288 2835 Nec
302 2789 386 2836 minor
398 2788 534 2841 Germanis
546 2788 661 2853 animus3
678 2788 722 2835 sed
734 2804 824 2851 genere
841 2802 928 2851 puguae
941 2798 967 2835 ct
979 2804 1020 2835 ar·

116 2874 218 2907 morum
226 2862 425 2927 superabunturg
437 2878 516 2926 quum
529 2864 617 2927 ingens
626 2862 777 2920 multitudo,
783 2861 857 2910 oretis
870 2862 930 2917 locis
939 2897 946 2919 ,
956 2878 1019 2925 prar-

116 2931 205 3003 lougos
214 2934 296 3007 bastae
307 2953 357 2985 non
368 2934 541 3000 protenderet,
550 2955 602 2986 nou
612 2938 749 3001 colligeret,
757 2951 840 2999 nuque
849 2932 985 2985 adsultibus
994 2948 1019 2985 et

117 3006 251 3060 velocitate
261 3026 394 3075 corporum
406 3021 534 3068 uteretur,
545 3023 630 3061 coacte
640 3012 730 3072 stabile
741 3008 773 3057 ad
785 3007 901 3073 prelium
914 3024 920 3052 ε
933 3018 1016 3075 contra

116 3082 204 3140 miles,
217 3086 257 3131 cui
266 3097 365 3134 scutum
373 3089 473 3151 pectori
485 3086 647 3153 adpressum,
659 3098 686 3134 et
697 3084 809 3133 insidens
818 3080 909 3145 capulo
919 3098 1016 3139 manus,

116 3154 185 3202 latos
192 3154 356 3215 barbarorum
363 3171 440 3219 artus,
450 3159 518 3208 nuda
526 3177 570 3207 ora
578 3158 813 3225 [mercuriumque
821 3165 903 3218 strage
913 3154 1018 3224 hostium

118 3230 227 3293 operiret
239 3250 245 3280 :
258 3234 413 3301 intprompto
425 3235 475 3299 iam
484 3234 611 3295 Arminio,
622 3236 655 3284 ob
665 3236 785 3292 continua
795 3230 976 3300 periculmlsire
987 3232 1017 3277 il-

116 3298 498 3382 ltttut'eclrusttcceptumrulnus
507 3310 660 3365 tardaverat.
671 3304 1017 3377 Quinetlnguiomerumtotd

967 3498 983 3523 l
