2100 3709
374 124 703 168 inuenientium.
939 119 992 178 ‚tt

65 204 215 258 velocitate
225 206 301 272 meli,
314 219 339 258 et
351 209 462 262 obnoxii
474 211 539 261 urbe
551 213 611 262 setis
621 212 772 276 itineribus,
781 195 882 280 ducque
892 228 918 266 et
928 219 991 270 illue

58 281 168 340 ¹flexis,
181 293 255 345 utque
277 284 423 332 enormibus
440 285 519 344 eicis,
536 286 618 349 quelle
629 296 703 334 retus
720 286 801 333 liorue
817 287 873 337 suit.
886 290 926 338 Ad
939 291 989 341 lroc

65 355 190 403 lementa
209 357 356 421 parentium
370 355 534 417 feminarum,
553 356 618 407 lesse
636 373 728 407 senum
745 375 774 406 sc
787 358 858 407 rudis
874 365 993 427 puerities

70 439 137 478 retas
149 465 156 488 ,
168 429 260 494 quique
274 427 334 490 sibi,
346 430 438 494 quique
448 431 505 479 eliis
517 431 694 494 consulebant,
708 430 770 480 dnm
780 432 883 483 trehuut
893 439 989 487 inreli-

71 500 126 550 dor
138 537 145 562 ,
158 513 204 550 sut
217 501 399 567 opperiuntur,
417 519 474 568 psrs
486 516 603 561 morene,
617 520 675 569 psre
687 502 822 570 lentienses,
838 521 930 558 cuncte
939 513 989 561 irn-
1022 522 1025 528 ·

71 567 238 633 pediebrnt:
259 579 284 616 et
301 582 379 634 supe,
394 567 455 618 dum
474 569 500 619 iu
519 582 619 635 tergum
633 581 794 636 respectent,
810 571 933 625 luteribus
945 588 990 628 sut

64 640 160 692 fronte
167 643 433 693 circumveniebantur
445 661 451 693 ε
464 645 504 693 rel
517 646 540 694 si
548 646 575 692 in
585 643 702 709 proxime
711 657 841 696 cesserunt
849 684 856 707 ,
864 648 915 699 illis
923 667 991 714 quo-

70 731 127 782 que
137 715 191 781 iqui
202 715 335 780 correptis,
345 716 438 775 etium,
451 729 505 781 qun
521 717 658 780 longinque
669 716 847 781 crediderent,
859 722 885 770 in
898 723 991 775 cedern

69 805 137 839 casu
149 789 350 856 reperiebantur.
364 788 506 855 Postremi),
518 789 581 856 quid
591 791 715 850 silerent,
728 790 789 855 quid
800 806 917 858 peterent
930 810 990 844 ern·
1005 839 1010 846 ,

69 862 161 928 bigni,
173 862 299 928 complere
314 864 382 923 ries,
395 866 475 912 sterni
485 879 531 930 per
542 877 631 926 egros:
648 863 751 927 quidam
762 867 989 918 smiseieomnibus

69 935 187 986 fortunis
199 935 283 986 diurni
294 953 395 1001 quoque
410 936 508 998 victis,
522 937 566 986 elii
575 937 681 986 esritste
693 955 809 1000 suorum,
820 956 884 1006 quos
893 943 990 1008 eripere

64 1011 244 1074 nequiverant
252 1046 259 1070 ,
275 1013 389 1075 quemvis
401 1023 503 1076 putente
515 1010 629 1076 effugio,
649 1012 777 1062 interiere.
790 1015 842 1064 Nee
857 1019 991 1082 quisqusm

73 1081 213 1134 defendere
223 1085 442 1144 sudebet,crel›ris
450 1086 591 1134 multorum
602 1087 679 1134 minis
687 1089 841 1153 restinguere
853 1091 993 1157 prohiben-

71 1158 157 1220 tium,
171 1169 195 1207 et
205 1159 262 1224 quie
275 1158 318 1208 elii
332 1157 415 1223 pellun
426 1157 490 1206 isoes
499 1157 638 1221 isciclssnt,
650 1173 726 1224 etque
735 1177 789 1210 esse
799 1164 848 1211 silri
859 1177 990 1213 suntor-em

73 1231 237 1282 vociferabar
242 1245 282 1282 tur
293 1250 300 1298 5
314 1232 366 1280 sive
376 1242 408 1279 ut
424 1242 515 1296 ruptus
522 1233 642 1282 licentirls
651 1246 813 1293 exercerent,
828 1255 870 1286 scu
880 1237 960 1299 iustu.

109 1305 235 1356 XXXIX.
248 1307 286 1356 Eo
296 1305 321 1354 in
333 1315 445 1368 tempore
453 1302 523 1352 Nero
531 1339 538 1362 ,
547 1303 619 1353 Antii
630 1322 720 1370 egeus,
732 1325 784 1356 nou
793 1310 851 1358 aute
862 1315 888 1358 in
898 1312 989 1361 urirem

73 1395 206 1446 regressus
216 1391 263 1437 est,
273 1377 347 1443 quim
357 1375 446 1424 dourui
455 1374 518 1438 ejus,
525 1374 573 1440 qni
582 1377 703 1440 puletium
713 1389 739 1425 et
746 1380 892 1431 Mneenntie
900 1383 989 1434 lrortcs

76 1453 282 1510 continuarent,
293 1450 359 1514 ignis
368 1447 561 1514 propinquaret.
572 1448 660 1512 Neque
669 1461 755 1498 temen
764 1451 819 1500 sisti
826 1456 917 1518 potuit,
928 1460 989 1522 quin

75 1537 102 1576 et
116 1525 253 1592 palatium,
265 1533 292 1570 et
304 1521 395 1570 domus
407 1555 413 1576 ,
427 1531 453 1568 et
462 1531 552 1567 cuncte
569 1520 667 1570 circum
679 1521 849 1572 haurirentur.
861 1527 909 1575 Sed
919 1533 990 1579 sols.

73 1603 142 1652 tium
157 1599 253 1666 populo
269 1596 403 1646 exturbato
419 1605 445 1642 et
459 1592 583 1660 profugo,
598 1610 715 1661 campum
729 1590 834 1654 Martie,
852 1615 881 1648 sc
898 1617 990 1667 runnu-=

74 1685 164 1728 ments
177 1672 294 1738 Agrippa
305 1706 311 1726 ‚
324 1669 413 1718 hortos
424 1668 484 1732 quin
501 1668 580 1716 etiem
590 1684 664 1725 euos,
682 1669 818 1734 patefecit:
831 1683 857 1720 et
868 1675 991 1727 subitaria

74 1747 179 1797 aedilicia
191 1745 329 1801 exstruxit,
344 1759 398 1808 quse
411 1741 604 1792 multitudinem
622 1742 724 1808 inopem
741 1745 903 1810 acciperent:
922 1750 989 1798 eub-

75 1833 199 1884 rectsque
209 1818 325 1868 utensilia
338 1816 369 1864 sb
384 1814 454 1865 Oetii
466 1851 473 1874 ,
488 1827 513 1865 et
524 1815 674 1882 propinquis
687 1819 850 1883 municipiis3
864 1823 988 1885 pretium-

32 1953 34 1958 ,
76 1909 127 1960 que
145 1892 265 1942 frumenti
277 1892 420 1951 minutum,
441 1905 520 1954 neque
531 1889 563 1938 ad
575 1903 661 1939 ternos
671 1907 802 1942 nummos.
817 1893 892 1957 Qun,
904 1913 989 1960 quen-

76 1983 154 2034 qusm
172 1965 316 2032 populeris,
332 1965 359 2013 in
375 1961 474 2014 irritum
490 1963 632 2026 cedebant,
652 1965 710 2030 quis
728 1975 876 2031 perveserst‘
890 1985 988 2028 rumor,

78 2042 155 2108 «ipso
165 2053 279 2106 tempore
292 2040 420 2104 flagrantis
431 2039 516 2099 urbis,
530 2039 606 2088 inisse
625 2055 684 2088 eum
698 2039 863 2090 domesticum
872 2061 987 2109 scenam,

77 2127 105 2165 et
119 2114 236 2163 cecinisse
251 2113 389 2179 Trojsnuur
404 2109 545 2176 excidium,
565 2113 695 2177 presentie
706 2115 772 2163 melu
784 2116 891 2165 vetustis
904 2118 988 2167 cledi-

73 2191 126 2238 'hus
138 2187 330 2237 adsimuliutem
338 2202 363 2234 u.

111 2261 166 2310 XL.
180 2263 255 2310 Serto
269 2259 373 2308 demum
395 2257 454 2316 die,
473 2254 542 2322 spud
561 2256 625 2304 imae
643 2256 781 2320 Esquiliae,
800 2258 858 2306 finis
871 2257 989 2311 incendio

80 2333 174 2391 luctus,
185 2335 296 2401 prorutis
315 2348 359 2397 per
376 2328 669 2390 immensum·edilioiis3
684 2341 713 2379 ut
727 2333 852 2379 continnae
865 2329 989 2387 violentiae

79 2422 195 2472 eempus,
214 2417 240 2454 et
259 2405 329 2452 velut
345 2419 453 2452 vacuum
473 2405 566 2450 eoelum
582 2412 736 2450 occurreret.
753 2404 807 2451 Nec
824 2403 989 2470 dum-posito
1037 2416 1039 2419 '

79 2492 148 2536 metu
159 2479 166 2537 ’,
178 2479 280 2528 redibat
297 2477 359 2524 leuis
373 2491 473 2525 rursum
486 2474 621 2539 grassatus
630 2474 708 2539 ignis,
727 2474 820 2538 patulis
832 2478 911 2539 turgis
920 2479 991 2528 serbis

67 2555 155 2612 decis,
165 2553 244 2619 eirqne
259 2563 354 2616 strages
364 2551 496 2600 homiuum
509 2547 592 2596 minor
603 2565 609 2594 :
623 2547 730 2596 delubra
740 2545 830 2608 desim,
841 2559 867 2595 et
876 2551 989 2614 porticus

77 2625 218 2676 amoenitati
231 2627 333 2691 dicerer,
351 2623 426 2673 letiirs
444 2620 586 2690 procidere⁴
603 2622 715 2685 Plusque
730 2617 839 2670 irrisorie
858 2622 883 2670 id
901 2624 989 2672 iucen-

59 2693 150 2750 lelium
161 2701 262 2761 habuit,
277 2701 335 2764 qu'is'
347 2697 446 2764 proediis
456 2694 577 2760 Tigellini
588 2695 732 2750 AEmilisnie
741 2706 898 2760 proruperat.
908 2697 989 2746 Vide.

37 2798 49 2823 s
80 2776 201 2838 listurque
215 2771 430 2832 Neruccudeudre
444 2770 612 2828 urbinum,
626 2781 652 2817 et
665 2781 833 2834 cognomento
843 2785 889 2821 suo
898 2773 1000 2836 sppel·.

82 2847 160 2899 leude
174 2847 278 2914 gloriam
289 2861 409 2909 querere.
424 2843 524 2908 Quippe
539 2843 566 2890 in
577 2845 693 2907 regiones
703 2843 895 2908 quatuordeeim
908 2844 988 2894 lloms

8 2965 16 2978 ,
83 2921 220 2970 dividitur:
242 2935 349 2986 quarum
365 2931 474 2984 quatuor
493 2918 594 2981 integere
611 2919 763 2978 manebunt,
779 2930 830 2966 tres
843 2920 898 2967 solo
914 2933 989 2970 tenus

0 3007 1 3010 ’
84 2984 199 3058 dejecte:
220 3000 317 3060 septem
333 2991 534 3058 reliquis'psucs
549 3003 677 3041 tectorum
694 2993 802 3057 ,restiqiu
824 3004 990 3056 supererunt,
1008 3047 1017 3056 „

83 3069 159 3118 lacera
175 3079 200 3116 et
210 3067 339 3116 semiusta.
487 3107 489 3112 .
692 3075 705 3094 -'
828 3095 833 3113 .
854 3078 859 3100 1
891 3106 893 3110 ,

115 3141 182 3190 XLI.
197 3139 336 3201 Domuum,
347 3150 373 3187 et
385 3130 572 3201 insularutit,et
583 3137 748 3201 templorum,
757 3147 812 3198 qure
820 3136 987 3194 errriesusunt⁴

86 3217 223 3278 numerum
238 3216 301 3264 inire
321 3212 387 3262 haud
406 3209 647 3278 prcusptunrsuerit
659 3226 664 3256 z
677 3208 722 3256 sed
739 3207 908 3257 vetustissimi
927 3212 989 3257 reli.-

86 3292 156 3357 gione
166 3325 171 3346 ,
182 3288 250 3354 quod
259 3291 360 3338 Servius
368 3287 468 3336 Tullius
478 3283 555 3333 Lunae
566 3319 573 3344 ,
585 3296 609 3331 et
619 3285 710 3346 Magne
719 3298 761 3328 ers
771 3276 922 3341 fenumque,
934 3299 989 3347 qun

85 3366 198 3434 presenti
206 3364 310 3414 Herculi
319 3367 397 3413 Arcus
408 3359 525 3413 Erender
536 3367 691 3415 esuriverst,
704 3354 819 3473 sedesqqe
827 3352 933 3402 Statoris
941 3357 989 3422 Jo-‚

826 3436 842 3471 2
