2100 3709
123 80 172 131 aas
362 74 365 79 '
435 85 463 123 o.
484 77 722 119 coamatores
1031 57 1032 98 t

122 171 218 228 Eadem
228 168 254 217 in
262 164 387 219 Voculam
397 163 564 231 parabantur,
576 160 625 208 nisi
635 158 721 207 servili
731 154 834 213 babitu,
847 143 899 220 per
912 105 1032 354 tombs}

80 259 88 279 ¹
125 247 255 312 ignoratus
269 241 397 291 erasisset.
408 237 474 296 Ubi,
486 235 573 284 sedato
583 234 694 298 impetu,
705 241 790 280 metus
800 227 898 290 rediit,
919 225 1019 274 centuri

125 333 172 368 nes
183 334 240 365 cum
257 315 371 382 epistolia
383 313 416 362 ad
430 313 543 362 civitates
558 308 700 358 Galliarum
714 304 823 362 misere,
838 303 946 352 auxilia
967 316 996 348 ac
1007 300 1032 386 ι’1

125 391 216 460 pendia
229 403 353 440 oraturos.
1031 387 1032 412 t

159 463 299 514 XXXVII,
311 463 378 528 Ipsi,
390 471 420 508 ut
434 472 472 508 est
481 459 572 522 vulgus
585 454 638 502 sine
650 463 749 509 rectore
761 465 895 515 praeceps,
913 425 1032 710 parido*

128 546 228 595 msera,
239 535 392 584 adventante
401 533 481 582 Civile
489 569 497 592 ,
506 531 585 595 raptis
597 524 689 576 temer'e
698 526 788 583 armis,
795 537 824 570 ao
831 521 926 569 statim
938 519 1029 568 omissis

130 605 158 657 in
175 607 259 674 lugam
276 619 418 658 vertuntur.
429 608 480 656 iles
495 604 605 652 adversae
621 598 775 648 discordiam
790 593 935 662 peperere,
951 594 999 648 iis,

130 679 283 747 deriperiore
298 681 414 729 exercitu
428 690 512 737 erant,
525 691 626 742 cansqm
643 689 713 722 suam
726 668 941 718 dissociantilrus,
959 664 1032 716 Vitcl

131 766 217 806 tamen
227 755 362 820 imagines,
375 757 401 802 iu
413 754 517 810 castris,
532 762 556 800 et
568 767 612 816 por
626 749 753 813 prosimus
764 743 905 808 Belgarum
917 733 1032 794 civitatesi

129 829 259 894 repositae,
276 844 354 894 quum
366 827 417 891 iam
438 821 720 892 Vitelliusloocidisset.
742 815 905 866 Deinmutati
921 815 951 862 in
975 810 1032 878 poerit,

130 905 235 952 tentiam
252 904 376 968 primani,
394 900 579 965 quartanique,
605 908 630 944 et
651 891 904 950 duodevicesimam,
926 886 1032 935 vocula

130 989 270 1040 sequuntur
281 975 368 1042 :apud
379 991 456 1040 quem
467 981 596 1036 resumpto
605 969 754 1034 Vespasiani
767 975 938 1020 sacramento,
949 961 981 1010 ad
990 961 1004 1007 l'
1031 965 1032 968 ’

129 1049 235 1098 randum
242 1049 398 1114 Mogontiaci
407 1047 534 1097 obsidium
542 1041 887 1092 ducebantur.Diteesseraut
897 1037 1023 1084 obsessore

129 1123 226 1172 mixtus
235 1141 267 1174 ex
276 1124 373 1182 Cattis,
387 1123 499 1188 Usipiis,
512 1119 640 1173 Mattiacis
653 1117 794 1171 exercitus,
811 1114 933 1160 satietate
946 1105 1025 1174 praerlae

133 1213 180 1245 nec
190 1198 326 1248 incruenti.
343 1198 373 1246 ln
386 1197 427 1246 vii
441 1197 568 1261 dispersos
578 1204 603 1239 et
615 1191 711 1239 nescios
725 1188 798 1235 miles
810 1197 898 1234 noster
910 1183 1021 1232 invasere

133 1270 203 1335 Quin
214 1282 240 1319 et
252 1271 361 1320 loricam
372 1269 518 1332 vallumque
530 1283 573 1333 per
581 1266 643 1314 fines
653 1277 711 1311 suos
720 1260 827 1310 Treueri
842 1256 976 1317 struxere,
994 1271 1015 1301 ro

132 1346 238 1412 quisque
247 1346 356 1396 invicem
366 1343 480 1392 cladibus
491 1357 550 1390 cum
560 1336 694 1388 Ger-uranie
704 1334 847 1382 certabant:
859 1331 943 1380 eloneo
951 1321 1032 1393 egregii

134 1430 191 1484 erga
204 1422 330 1487 populum
338 1421 483 1470 Romanum
491 1417 599 1472 merita,
612 1427 671 1461 mor
683 1407 789 1459 rebelles
800 1405 936 1454 laudarent.
1031 1415 1032 1466 ι

169 1493 320 1546 xxxvttl.
335 1496 438 1557 ,Interea
448 1489 619 1554 Vespasianus
631 1485 738 1540 iterum,
751 1497 778 1528 ac
789 1480 877 1542 Titus,
889 1467 1032 1526 constristati

136 1571 252 1623 absentes
272 1569 396 1625 inierunt,
411 1563 499 1614 moesti
516 1573 543 1609 et
557 1557 694 1622 multipiici
711 1565 781 1604 metu
798 1549 920 1620 suspensi
933 1551 1032 1622 civitatq

137 1663 194 1714 qnae
208 1659 283 1711 super
300 1642 419 1691 instantia
438 1638 505 1686 mala
513 1672 520 1694 ,
533 1633 609 1685 l'alsos
620 1624 736 1698 pavores
745 1628 876 1686 induerat,
891 1623 1018 1675 «descivit

136 1719 264 1774 Africam,
277 1733 317 1766 res
331 1729 411 1764 novas
424 1713 547 1762 moliente
561 1710 591 1758 L.
603 1707 695 1758 Pisone
705 1723 730 1752 u.
743 1705 768 1752 Is
784 1715 887 1768 praerat
896 1700 1025 1767 provincis

137 1806 296 1858 nequaquam
306 1787 424 1838 turbidus
434 1784 547 1850 ingenio.
560 1783 610 1830 Sed
621 1779 678 1844 quia
691 1793 769 1827 naves
782 1777 876 1828 serisii
885 1775 978 1824 hiemis
990 1789 1024 1840 pro

138 1869 306 1921 bibebamus,
316 1856 406 1925 'resigna
413 1893 422 1917 ‚
430 1857 553 1905 elimenta
562 1856 588 1902 in
599 1853 653 1901 dies
663 1851 772 1900 mercari
780 1851 898 1909 solitum,
909 1850 952 1898 oui
962 1861 1029 1896 unaet

138 1936 270 2006 republica
278 1947 384 2003 annona
396 1946 468 1988 cura,
480 1929 596 1994 clausum
606 1925 680 1974 littus
690 1960 696 1981 ,
708 1923 811 1976 retineri
822 1933 978 1972 commestus
987 1920 1030 1967 dun

139 2017 223 2072 timet,
234 2006 352 2057 credebat
362 2022 369 2052 ι
379 2001 531 2068 angentibus
540 1999 634 2046 lamam
643 1997 799 2058 Vitellianis,
810 2000 854 2061 qui
866 1995 979 2045 studium
990 1981 1032 2060 pari

140 2089 207 2138 tium
219 2080 333 2132 nondum
343 2085 480 2144 posuerant
495 2091 501 2122 ι
513 2088 546 2121 ne
558 2069 699 2120 victoribus
711 2069 812 2142 quidem
825 2070 922 2134 ingrato
932 2069 1032 2120 rumoni

141 2174 251 2228 qnorum
268 2153 437 2220 cupiditates,
449 2147 559 2198 externis
576 2160 677 2210 quoque
692 2144 765 2194 bellis
781 2141 964 2210 inexplebiles,
981 2135 1032 2189 nulli

142 2247 253 2296 unquam
266 2228 348 2276 ciuilis
360 2225 466 2275 uictoria
477 2221 586 2272 satiavit.
938 2242 946 2246 -
1031 2223 1032 2234 ¹

174 2299 379 2354 xxxlxstsat.
394 2295 535 2354 Ianuariis,
553 2293 579 2340 iu
596 2301 702 2348 senatu,
714 2305 789 2354 quem
800 2287 881 2336 Julius
894 2287 1032 2346 Frontinus,

142 2389 236 2448 prator·
251 2375 377 2430 urbanus,
390 2379 540 2428 vocaverat,
557 2353 646 2428 legatis
662 2362 879 2426 exercitibusque,
889 2379 918 2411 ao
934 2365 1032 2429 regibus,

147 2451 254 2503 alaudes
260 2459 391 2513 gratesque
396 2440 413 2493 u
420 2445 534 2492 decretae.
544 2439 669 2490 EtTertio
677 2435 776 2484 iuliano
786 2447 861 2501 pratu
866 2451 900 2494 ra,
912 2445 1032 2501 nunquan

85 2524 89 2537 ’
144 2523 377 2590 transgredientem,
392 2521 419 2568 in
438 2527 522 2584 partes
541 2512 691 2578 Vespasiani
710 2511 836 2574 legionem
857 2509 1032 2568 deseruisset»¹

146 2599 244 2655 ablata,
262 2608 292 2644 ut
309 2597 335 2644 in
351 2595 464 2642 Plotium
482 2587 608 2654 Gripbum
626 2583 815 2636 transferretur¹
828 2584 922 2632 Hormo
941 2585 1032 2650 dignita

147 2673 272 2738 equestris
288 2669 356 2718 data.
371 2670 405 2717 Et
422 2682 500 2726 mox,
514 2665 628 2728 eiurante
642 2660 777 2716 Frontino,
793 2659 873 2708 Caesar
894 2657 1032 2710 Domitiani

148 2759 282 2816 praessuram
296 2745 374 2809 cepit.
389 2741 450 2806 Eius
461 2756 556 2790 nomen
571 2738 686 2805 epistolis
699 2735 837 2798 edictisque
848 2735 1032 2798 preponebant:

148 2825 188 2872 vis
204 2835 281 2884 penes
292 2817 441 2865 Mucianum
456 2826 527 2877 erat,
541 2815 589 2869 uisj
602 2809 671 2874 quod
683 2811 800 2876 pleraque
813 2805 983 2866 Domitianus,
994 2811 1032 2862 ina

149 2892 288 2959 tigantibus
297 2890 401 2954 amicis,
416 2901 461 2936 ant
473 2886 578 2954 proprii
589 2881 695 2934 libidine
705 2917 712 2942 ‚
723 2880 841 2930 audebat.
854 2879 900 2928 Sed
911 2884 1032 2948 precipuus

150 2965 271 3018 Muciano
281 2973 364 3010 metus
373 2961 386 3008 ie
394 2963 482 3010 Primo
491 2962 618 3021 Antonio,
626 2959 745 3024 Varoque
756 2956 831 3004 Arrio
842 2973 847 3001 z
857 2970 915 3018 quos
923 2969 1025 3004 recentes
1029 2963 1032 3014 ι’

149 3043 279 3103 clarosque
288 3051 373 3084 serum
382 3033 448 3083 tama
455 3071 465 3096 ,
475 3052 504 3083 ac
513 3036 625 3084 militum
635 3031 734 3091 studiis,
745 3032 820 3078 etiam
831 3029 932 3096 populus
939 3029 1032 3079 fovebat

152 3117 210 3180 quia
222 3115 247 3160 iu
261 3110 388 3161 nemiuem
403 3109 468 3156 ultra
485 3110 564 3157 aciem
582 3109 721 3156 saevierant.
740 3107 772 3156 Et
786 3103 909 3154 ferebatur
922 3102 1026 3153 Antonin

150 3187 344 3236 Scribonianum
357 3183 492 3247 Crassum,
504 3183 608 3247 egregiis
622 3179 777 3244 majoribus,
793 3189 820 3225 et
829 3177 927 3226 traiani
938 3179 1032 3245 imagini

134 3285 135 3291 ¹
152 3252 339 3324 lauantemne
347 3253 525 3320 capessendam
536 3255 719 3320 rempublicam
727 3253 856 3302 hortatus:
867 3250 926 3299 haud
932 3251 1032 3301 defuturi

154 3330 312 3381 consciorum
321 3329 641 3392 manutenementum
654 3327 801 3390 abnuisset,
814 3342 846 3376 ue
855 3326 934 3392 paratis
943 3326 1030 3393 quiden
