2100 3709
324 54 500 94 auartruar
517 57 582 93 nra.
600 56 668 96 avr.
900 42 949 115 259

36 133 88 186 sed
99 151 192 202 regum
204 147 366 186 externorum
376 137 573 193 consuetudine,
586 136 714 187 differtum
728 137 849 188 odorIbnr
858 138 950 188 condi-

32 220 97 271 tur,
116 211 268 274 tumuloque
283 213 296 258 J
299 212 420 282 ullorum¹
429 211 546 262 infertur.
559 203 653 260 Ductae'
661 205 746 261 tamen
757 212 864 279 publicae
875 227 950 260 erse-

33 283 102 345 quiae
111 281 293 349 ,laudaritque
302 284 354 349 ipae
364 284 431 350 apud
440 297 520 334 rostra
531 284 659 333 «formam
671 284 735 348 ejus,
744 297 770 334 et
780 285 848 350 qnbd
859 285 952 334 divino

32 356 145 406 insaritis
155 375 245 422 parens
261 358 377 420 suisset»,
390 361 485 426 aliaque
496 361 603 412 fortunas
614 377 718 410 munera
732 374 778 425 pro
793 361 938 409 virtutibus.

55 427 132 480 ΝΠ.
147 429 260 480 Mortem
271 431 394 498 Poppaeae,
406 444 433 481 ut
442 433 526 500 pallam
535 431 650 496 niuem,
662 437 696 484 ita
705 432 897 482 recordantibus
906 433 950 480 lar·

33 514 107 561 tam,
128 504 164 552 ob
179 505 361 570 impudicitiam
375 506 429 571 ejus
450 509 634 572 saevitiamque,
655 508 721 557 nord
739 509 841 574 insuper
855 503 949 554 invidit

33 577 108 628 Nero
128 579 285 644 complevit,
299 581 458 646 probibendo
476 585 505 631 0.
527 585 642 632 CassIum
656 583 738 632 ollicio
754 582 928 646 exsequiarum
939 595 955 637 :-

34 649 110 715 quod
120 652 233 717 primum
247 649 369 702 iudiciuin
386 657 459 714 mali,
470 672 553 719 neque
563 656 591 703 iu
599 645 704 721 longum
715 655 823 704 dilatum
839 665 887 704 cat.
899 650 949 700 Sed

35 725 142 809 §ilarius
160 723 261 773 additur
275 743 281 774 a
292 729 363 776 nullo
382 730 502 788 crimine,
513 729 563 780 nisi
572 730 642 794 qubd
650 729 751 780 Cassius
761 729 851 796 opibus
862 738 951 774 aetus·

36 808 70 880 trs
77 835 86 858 ,
105 810 133 846 et
145 799 268 863 gravitate
281 817 396 862 morum,
407 803 665 852 Silanusclariurdine
674 805 787 868 generis,
801 814 827 850 ct
836 797 951 850 modesta

36 870 143 935 inventri
155 873 340 940 praecellebant.
351 873 432 940 Igitn'r
440 877 517 926 misai
530 875 563 925 ad
577 887 691 927 senatum
702 878 831 933 oratione,
845 888 952 922 cremo·

38 943 169 994 vendosai
186 946 316 1012 republica
333 959 475 1014 utrosque»
495 950 630 1000 disseruit:
647 950 833 1014 obiectavitque
848 944 950 1007 Cassio,

39 1019 137 1084 cqudd
148 1021 212 1080 inter
222 1019 344 1084 imagines
357 1022 495 1083 majorum,
507 1024 584 1072 etiam
594 1024 624 1072 C.
637 1023 717 1072 Cassii
732 1022 839 1086 effigiem
851 1019 950 1067 coluis-

39 1109 94 1156 set,
109 1094 146 1142 ita
162 1093 310 1160 inscriptam
323 1110 330 1141 ε
343 1107 406 1141 nuci
419 1109 551 1145 ranarum.
563 1094 662 1162 Quippe
674 1097 770 1145 semina
781 1093 842 1142 belli
854 1091 961 1149 civilis„

40 1181 66 1220 et
76 1167 248 1218 delectionem
258 1163 271 1214 i
285 1163 361 1212 domo
372 1167 497 1214 Caesarum
508 1165 647 1232 quaesiiam.
661 1166 700 1216 Ac
711 1186 741 1216 ne
755 1165 877 1217 memoria
892 1176 952 1212 tan·

38 1237 349 1294 tirminIcnsinominIsad
355 1237 951 1307 ditccrdiasuteretur-,adsumpsisselr.Silanutn,

40 1319 163 1383 iuvenem
175 1329 269 1378 genere
280 1313 410 1371 nobilem,
425 1313 510 1361 auimo
519 1326 688 1378 paeruptum,
703 1329 779 1378 quem
790 1314 863 1361 norit
874 1311 950 1360 rebus

44 1400 187 1442 ostentaret
195 1403 221 1436 a.

76 1465 151 1516 VIII.
162 1459 252 1528 Ipsum
263 1459 354 1510 dehinc
364 1461 478 1512 Silanum
489 1460 613 1525 increpuit
623 1459 726 1521 iisdem,
735 1458 827 1523 quibus
834 1470 953 1524 patruum

46 1536 103 1602 ciue
115 1537 287 1600 Torquatum,
304 1545 444 1600 «tanquam
455 1534 601 1600 disponeret
611 1534 660 1596 ianr
670 1535 862 1600 imperiIcuras,
873 1530 954 1595 praeli-

47 1622 168 1674 ccretque
182 1609 323 1658 rationibus
335 1621 359 1658 et
368 1609 471 1664 llbellir,
482 1619 507 1656 et
518 1609 633 1675 epistolis
643 1608 778 1670 libertoaa3
787 1605 868 1652 inania
878 1601 955 1650 simul

46 1695 74 1734 ct
85 1683 147 1734 iales
160 1700 166 1731 ε
181 1699 239 1732 nam
251 1682 350 1732 Silanus
360 1683 482 1733 intentior
495 1693 579 1738 metu,
596 1693 620 1731 et
632 1681 709 1730 esitio
716 1679 804 1746 patrui
816 1675 848 1725 ad
859 1690 953 1742 praeca·

44 1757 159 1808 rendum
169 1757 306 1804 exterritus
323 1765 388 1806 erat.
400 1756 501 1806 Inducit
513 1756 617 1820 posthac
629 1755 754 1803 vocabulo
768 1751 896 1805 indicum,
909 1747 953 1813 qui

45 1833 73 1882 in
84 1829 223 1896 Lepidam,
235 1830 315 1885 Cassii
325 1848 430 1881 uxorem
440 1867 446 1892 ‚
456 1831 538 1884 Silani
546 1828 665 1888 nmirum,v
681 1831 828 1887 «incestum
837 1839 896 1872 cum
905 1821 958 1870 lra-

45 1905 95 1955 tris
105 1903 167 1962 lilio,
183 1915 209 1952 et
220 1901 289 1964 diros
298 1920 428 1956 sacrorum
437 1906 519 1955 ritus»
535 1905 714 1968 confingerent.
726 1899 916 1954 Trahebantur,
926 1904 955 1943 ut

47 1978 158 2038 conscii,
168 1977 300 2030 Vulcatius
312 1979 432 2028 Tullinus
440 2015 447 2038 ‚
455 1995 490 2034 ¹ac
501 1978 638 2028 Marcellus
650 1979 797 2034 Cornelius,
811 1982 955 2026 senatores»

49 2057 78 2103 et
88 2051 240 2118 Calpurnius
248 2051 358 2101 Fabatus
367 2087 373 2108 ‚
388 2068 464 2114 eques
475 2053 618 2100 Romanus:
628 2053 686 2114 qui,
695 2051 822 2116 appellato
831 2043 955 2112 principe.

49 2129 186 2177 instantem
199 2123 388 2188 damnatIonern
400 2123 528 2180 frustrati,
544 2139 604 2170 mox
616 2123 761 2183 Neronem,
772 2122 839 2184 circa
856 2129 955 2166 summa

50 2201 144 2251 scelera
156 2197 310 2258 distentum,
324 2196 639 2264 quasi-minoresevaserc.

84 2275 131 2323 tx.
142 2273 215 2322 Tunc
227 2269 344 2320 consulto
361 2268 477 2330 aenatb,
493 2269 601 2318 ‹icassio
611 2280 636 2315 et
647 2267 732 2316 Silano
744 2265 849 2316 exsilias
864 2263 957 2310 decer·

48 2351 162 2411 nentur,
176 2343 227 2394 (tde
239 2342 337 2410 Lepida
355 2344 433 2394 Caesar
455 2354 609 2392 statuerem)
625 2343 827 2407 Deportatusque
844 2338 869 2384 in
884 2339 955 2384 insu·
1015 2326 1029 2338 ⁸

50 2423 103 2472 lam
115 2419 254 2468 SardIniam
268 2419 382 2480 Cassius,
398 2409 426 2466 et'
439 2429 556 2466 senectus
566 2415 619 2477 eius
629 2415 829 2479 exspectabatur.
843 2411 957 2467 Silanus,

54 2505 175 2558 tauquam
188 2491 291 2542 Naxum
306 2489 486 2548 deveheretur,
502 2488 601 2546 Ostiam
618 2499 734 2553 amotus;
747 2485 806 2551 pdst
817 2479 958 2544 municipio

53 2568 164 2635 Apuliae,
180 2566 221 2614 cui
235 2579 330 2615 nomen
345 2575 383 2612 eat
397 2565 518 2620 Barium,
534 2560 671 2610 clauditur.
685 2558 741 2606 Illic
757 2557 959 2622 indignitasimum

19 2707 20 2710 Ἴ
53 2659 137 2695 casum
150 2642 276 2708 sapienter
289 2639 417 2701 tolerans,
435 2638 626 2691 immoriens,
639 2634 671 2684 ad
685 2633 778 2684 caedem
792 2633 886 2687 misso,
897 2644 958 2677 cor-

53 2719 143 2785 ripitur
156 2733 161 2764 ι
176 2715 342 2778 suadentique
357 2729 452 2784 avenas
464 2709 616 2778 abrumpere
627 2746 634 2767 ,
645 2709 757 2758 animum
768 2705 873 2774 quidem
881 2703 960 2752 morti

55 2792 226 2842 destinatum»
239 2789 288 2846 ait,
300 2786 428 2836 «sednon
439 2785 585 2851 permittere
598 2783 740 2850 percussori
749 2782 856 2848 gloriam
864 2779 960 2828 minis·

55 2866 142 2916 terii».
152 2861 186 2914 At
196 2862 323 2917 centurio,
333 2862 448 2926 quamvls
457 2861 582 2908 inermem
589 2894 596 2916 ,
604 2857 768 2921 praevalidum
779 2869 861 2906 tamen
870 2889 877 2912 ‚
885 2864 911 2902 et
918 2853 960 2899 irre

57 2939 131 3007 quint
150 2938 235 2987 titnori
251 2935 396 3001 propiorem
410 2950 531 2992 cernens,
546 2931 629 2998 premi
646 2928 660 2979 ὲ
676 2931 799 2980 militibus
812 2930 889 2994 jubet.
905 2926 962 2974 Nec

56 3015 138 3064 omitit
152 3011 252 3061 Silanus
266 3011 348 3060 obniti
358 3045 364 3067 ,
376 3021 402 3062 ct
413 3009 543 3069 intendere
559 3009 639 3066 lctus,
650 3007 774 3072 quantum
783 3005 900 3054 manibus
912 3017 962 3048 nu·

56 3089 94 3140 dis
105 3087 220 3149 valebat,
233 3084 315 3134 donec
325 3083 339 3132 ia
350 3085 499 3134 centurione
509 3083 657 3134 vulneribus
666 3081 790 3138 adversis,
804 3091 923 3140 tanquam
934 3075 962 3122 in

57 3163 154 3232 pugni,
167 3160 278 3210 caderet.
557 3145 564 3158 ’
882 3213 887 3219 ⁴

70 3271 72 3276 ·
88 3241 122 3290 X.
136 3235 210 3288 Haud
224 3233 436 3298 minirrpromptb
448 3229 481 3280 L.
496 3232 596 3290 Vetus,
605 3242 743 3289 socrusque
757 3225 811 3285 eius
823 3221 906 3270 Sextia
916 3255 925 3280 ,
936 3232 963 3269 et

56 3313 163 3374 Pollutia
177 3311 245 3373 filia,
264 3323 353 3360 necem
363 3306 480 3360 suntne:
495 3304 573 3358 invisi
582 3300 706 3369 paricipi,
715 3310 836 3363 tanquam
845 3296 965 3360 virendo,
