2100 3709
357 122 543 165 turturum.
561 102 685 165 arsur.
858 182 865 189 θ
898 164 908 191 ·.
934 112 967 166 53

58 208 159 276 inparte
172 206 314 274 legeretur)
328 208 434 257 tradidit
447 209 484 259 M.
501 209 626 268 Seruilio,
643 222 721 273 quem
733 207 858 273 priorrlsus
875 224 959 275 oeque

54 286 168 349 suspectis
182 282 276 332 tabulis
290 282 414 348 scriptum
428 296 585 347 compererat
599 298 606 331 ε
624 302 639 331 rr
648 282 809 331 nobilitatem
824 284 956 348 utriusque

55 356 155 420 pecuniis
176 354 339 421 juvandam»)
362 354 486 421 prelatus.
506 355 598 421 Neque
619 355 788 405 hereditatem
810 358 959 422 cuiusquam

56 428 124 487 adiit,
138 432 189 479 nisi
201 446 281 493 quum
297 428 406 479 amicitiai
421 430 591 494 meruissent,
606 430 707 495 ignotos
721 442 747 479 et
762 430 820 477 aliis
835 429 944 479 iulerrsos
954 468 965 497 ,ι

35 501 126 565 'eique
143 503 288 567 principem
302 515 493 568 nuncupantes,
509 503 600 568 procul
611 504 719 551 arcebat.
738 502 858 552 Ceterrlm
871 513 900 549 ut
911 501 963 553 Ιιο-

54 591 147 625 nestam
167 575 345 623 innocentium
365 586 539 641 paupertatem
558 574 669 639 lererit3
688 577 722 624 ita
743 569 864 642 prodigos
883 589 908 625 et
929 577 961 627 ol»

53 650 141 716 flagitia
153 661 257 715 egentes
266 646 397 697 Vibidium
409 652 550 699 Varronem
558 686 565 707 ,
574 650 684 699 Marium
695 651 836 717 Nepotem,
850 650 964 715 Appium

51 723 206 788 Appianum,
222 721 321 771 Corl'ne
316 736 370 770 rum
382 722 478 771 Sullam
486 722 541 788 ,.Q
552 722 685 775 Vitellium
696 726 776 773 morit
794 735 901 784 senatu,
922 735 965 773 sut

51 808 135 861 sponte
147 795 238 843 cedere
249 810 337 861 passus
348 806 395 842 est

79 868 179 919 XLIX.
192 867 285 919 Iisdem
302 866 460 932 temporibus
473 864 551 915 derlm
562 862 650 917 ader
637 879 762 918 vetustate
777 880 820 918 aut
836 871 889 933 lgm
881 869 966 917 'ebo-

50 941 102 989 litas
112 952 280 1006 emptasque
296 938 328 987 ab
344 940 477 1005 Augusto,
492 938 640 1007 dedicavit3
660 942 754 991 Libero
771 942 917 1008 Liberaeque
936 955 963 991 et

52 1014 145 1064 Cereri'
137 1027 208 1079 Juxta
218 1015 324 1061 Circum
338 1015 493 1073 marimum,
506 1032 582 1079 quam
595 1014 627 1067 A.
641 1019 785 1081 postumius
795 1016 904 1066 dictator
915 1034 965 1065 vo-

50 1099 131 1151 verat,
148 1086 289 1151 eodemque
303 1087 328 1133 iu
342 1084 400 1133 loco
415 1086 493 1135 aedem
510 1086 531 1135 F
534 1090 605 1147 lora,
620 1089 651 1137 alr
670 1090 747 1139 Lucio
762 1100 788 1139 et
801 1092 888 1139 Marco
904 1090 962 1139 Pu·

50 1159 125 1211 lrliciis
135 1161 249 1210 aedilibus
261 1158 445 1225 constitutam,
460 1170 485 1208 et
495 1162 558 1209 Jano
568 1162 707 1228 templum,
719 1163 788 1229 quod
798 1164 865 1231 apud
874 1164 961 1213 lorum

51 1234 177 1285 olitorium
187 1236 219 1285 C.
229 1232 344 1281 Duillius
354 1233 481 1280 struxerat
490 1269 496 1288 ,
510 1237 554 1301 qui
566 1235 663 1298 primus
672 1254 725 1285 rem
734 1240 876 1287 Rorrranam
887 1256 963 1304 pros-

50 1307 102 1370 pere
116 1310 180 1357 mari
196 1306 291 1373 gessit,
304 1304 513 1371 triumphumque
523 1310 641 1355 navalem
650 1308 680 1357 de
690 1312 775 1358 Poenis
787 1313 889 1360 meruit.
901 1314 962 1377 Spei

52 1380 110 1430 aedes
119 1382 133 1431 ai
143 1380 301 1431 Germanico
312 1389 424 1425 sacratur
435 1396 441 1423 ι
455 1380 518 1425 lrarre
530 1382 623 1440 atilius
631 1394 736 1431 voverat
744 1384 834 1434 eodem
845 1386 924 1435 bello.

77 1457 104 1503 L.
122 1453 297 1507 Adolescebat
314 1450 411 1497 interea
428 1449 469 1495 lert
482 1450 639 1511 maiestatis·
651 1464 677 1498 et
695 1456 827 1519 Apuleium
836 1458 959 1505 Vetilium

51 1528 137 1577 sororis
151 1523 267 1591 Augusti
284 1531 402 1585 neptem,
416 1521 474 1582 quia
487 1520 620 1583 probrosis
635 1524 792 1571 sermonibus
805 1525 891 1574 divum
905 1528 961 1575 Au-

46 1594 338 1666 gustumacTiberium,
350 1602 374 1639 et
390 1594 559 1654 ruatremejus
571 1592 678 1641 illuisset
683 1596 959 1660 ,Caesariquecuuneira

46 1672 171 1725 idulterio
181 1678 327 1729 tereretur,
337 1663 474 1727 maiestatis
485 1664 583 1715 delator
592 1668 742 1717 arcessebat
759 1670 821 1718 ulie
831 1669 962 1726 adulterio

47 1751 103 1797 satis
126 1763 209 1797 castrt
201 1746 274 1810 lege
284 1744 299 1791 J
301 1742 389 1792 ulli
363 1763 465 1799 rtrum:
475 1742 614 1810 majestatis
623 1744 719 1797 crimen
727 1744 850 1812 distingui
862 1747 958 1803 Coesar

42 1822 199 1890 postulavit
207 1842 217 1887 ,·
231 1816 392 1885 damnarique
403 1822 424 1868 si
437 1836 485 1886 qua
498 1820 529 1871 de
543 1822 658 1886 Augusto
672 1822 812 1889 irreligiosi
833 1820 956 1873 dixisset:

46 1903 71 1949 iu
82 1915 106 1947 se
120 1898 183 1961 jacta
195 1892 263 1943 nolle
276 1892 307 1942 ad
318 1894 488 1957 coguitionem
502 1897 595 1944 vocari.
612 1894 807 1967 Interrogatus
817 1896 835 1947 ἁ
845 1897 956 1948 consule

44 1974 105 2040 quid
118 1972 148 2019 de
158 1970 198 2019 lris
209 1980 338 2027 censeret,
347 1985 401 2032 quae
413 1968 445 2017 dc
455 1984 537 2021 matre
545 1970 598 2034 eius
606 1972 692 2020 locuta
701 1987 774 2022 secus
784 1982 930 2037 urgueretur
938 1988 953 2019 rr

44 2046 143 2096 reticuit
153 2063 159 2091 :
170 2044 228 2091 dein
238 2044 354 2110 proximo
368 2042 469 2093 senatus
482 2044 539 2104 dic,
551 2046 617 2093 illius
628 2063 727 2111 quoque
744 2046 846 2095 nomine
856 2047 956 2104 oravit,

45 2138 95 2169 une
106 2119 146 2167 eui
155 2118 230 2167 verba
240 2118 266 2165 iu
277 2134 333 2166 eam
343 2134 445 2181 quoquo
455 2118 532 2165 ruodo
540 2117 627 2182 lrabita
636 2119 734 2168 crimini
746 2118 853 2171 forent»
865 2137 871 2165 ι
884 2117 954 2166 libe-

44 2194 154 2257 ravitque
169 2188 304 2257 Apuleium
314 2193 369 2257 lege
383 2190 519 2254 majestatis
530 2210 538 2256 ς
550 2191 670 2241 adulterii
689 2193 832 2257 graviorem
852 2207 953 2257 poenam

45 2265 197 2331 deprecatus,
206 2277 249 2313 ‹rut
259 2267 376 2332 exemplo
387 2264 520 2329 majorum,
531 2265 681 2332 propinquis
691 2267 744 2313 suis
752 2266 818 2313 ultra
829 2262 954 2313 dueente-

45 2339 134 2386 simum
141 2338 251 2404 lapidem
259 2350 449 2391 removeretur»
460 2342 549 2392 suasit.
560 2341 682 2389 Adultero
693 2338 791 2389 Manlio
798 2336 870 2387 ltalil
877 2350 953 2403 atque

45 2410 130 2461 asriel
139 2410 300 2459 interdictum
313 2426 362 2461 est.

73 2482 114 2534 LI.
123 2486 160 2533 De
168 2499 274 2551 praetore
285 2486 311 2533 in
321 2468 530 2569 locumVipsanii
538 2480 608 2530 Galli
613 2498 709 2545 ,quem
717 2496 786 2528 mors
796 2480 948 2539 abstulerat,

44 2557 215 2622 subrogando,
228 2572 356 2608 certamen
371 2558 482 2607 incessit.
499 2555 670 2606 Germanicus
680 2566 756 2619 atque
769 2552 868 2603 Drusus
880 2550 954 2617 (uam

43 2627 115 2679 etiam
127 2644 180 2680 tum
192 2632 277 2682 Romae
287 2632 391 2699 erant),
403 2630 538 2681 Haterium
549 2609 688 2697 Agrippam
699 2630 871 2697 propinquum
884 2628 953 2677 Ger-

42 2704 130 2752 manici
143 2706 278 2755 sotebant:
294 2720 382 2755 contra
395 2706 511 2772 plerique
523 2705 682 2761 nitebantur,
696 2715 724 2752 ut
741 2718 862 2751 uumerus
878 2702 948 2749 libe-

41 2788 124 2824 rorum
141 2778 167 2825 in
183 2777 323 2831 candidatis
340 2778 513 2845 praepolleret,
529 2777 598 2843 quod
613 2778 655 2825 lex
674 2775 778 2840 jubebat
793 2795 799 2825 ι
815 2775 950 2825 laetabatur

41 2848 172 2911 Tiberius,
192 2869 270 2916 quum
291 2855 355 2901 inter
371 2852 436 2903 filius
454 2854 508 2917 ejus
524 2864 550 2906 et
567 2854 634 2915 leges
651 2863 751 2900 senatus
769 2852 939 2920 disceptaret:

41 2922 103 2971 sieta
112 2936 150 2971 est
164 2926 217 2973 sine
228 2925 306 2975 dubio
319 2926 379 2993 lex,
392 2926 437 2975 setl
448 2943 529 2991 neque
542 2928 644 2983 statim,
658 2938 684 2975 et
695 2928 791 2991 pruciis
803 2926 926 2993 suffragiis
939 2945 947 2977 t

41 3010 88 3059 quo
99 2997 193 3055 modo,
208 3001 283 3048 etiam
296 3016 373 3064 quum
385 3003 512 3059 valerent,
525 3001 594 3065 leges
605 3001 781 3050 vincebantur.

68 3068 123 3119 LII.
142 3065 239 3122 Eodem
260 3091 326 3122 anno
345 3075 503 3140 coeptumiu
519 3074 605 3123 Africa
622 3076 735 3139 bellum,
751 3075 815 3125 duce
832 3074 947 3126 lroslium

39 3142 213 3192 Tacfarinate:
231 3148 368 3197 isuatiuue
386 3149 513 3212 Numida,
528 3151 792 3198 incastrisllomanis
808 3149 945 3208 miliaria
973 3163 977 3171 “

38 3218 158 3283 stipendia
176 3220 301 3281 meritus,
313 3238 375 3273 mox
386 3221 500 3271 desertor
509 3239 609 3287 ,vegos
625 3222 751 3288 primiun,
767 3233 792 3269 et
808 3220 948 3266 latrociniis

41 3302 125 3338 suetos
137 3291 169 3339 ad
181 3293 289 3357 praedam
304 3308 328 3345 ut
342 3308 429 3361 raptus
446 3312 615 3361 congregarc3
633 3295 691 3343 dein
703 3310 774 3344 more
790 3291 886 3337 militiae
902 3305 946 3352 per

41 3364 145 3435 lffllhr
158 3376 184 3421 et
197 3376 294 3421 turmas
308 3384 474 3438 componere,
490 3367 621 3437 postremo
636 3377 688 3415 Ιιιοιι
704 3360 839 3500 ιθιιιοδιιᾶὶιιι
853 3360 949 3410 turbae·

624 3593 646 3613 N
