2100 3709
77 54 129 107 522
163 45 166 51 ’
400 59 426 95 c.
447 58 543 95 costr.
564 53 700 105 recres,

81 139 313 207 rcribusjugnlnnr,
325 150 482 205 nagerentac
488 138 592 189 ferirent
600 134 820 203 siitaerepubliei
828 134 1006 185 rideretur».

81 221 141 272 Non
155 212 270 266 interfuit
281 211 452 261 occidentium
464 211 527 277 qnid
538 211 643 260 dicerer.
656 210 691 257 De
702 224 851 275 percussore
864 226 920 257 non
933 210 1002 258 satis

81 303 194 345 constat:
204 286 306 353 quidam
314 287 479 335 «Terentium
487 297 631 345 evocatum,
639 284 692 335 alii
699 283 855 332 Lecaniumu
864 300 870 331 :
879 282 999 331 crebrior

81 350 149 419 lama
162 361 265 412 tradidit
278 361 450 411 «Camurium
463 360 558 424 quintae
570 359 673 407 decimas
684 356 789 422 legionis
800 357 932 416 militem,
947 354 999 401 im·

82 454 169 507 presso
184 433 283 501 gladio,
298 434 411 498 jugulum
425 432 477 494 eins
488 431 601 480 hausisse
612 448 637 479 n.
654 430 738 479 Ceteri
753 424 823 478 crura
837 427 999 489 brachiaque

81 512 152 579 (nam
161 519 249 574 pectus
257 505 400 573 tegebatur)
410 504 475 554 foede
482 505 609 554 laniarere
620 522 625 552 ι
636 504 756 570 pleraque
764 504 885 561 vulnera,
888 500 999 563 lenitate

83 597 111 635 et
122 581 230 639 serisii,
244 592 334 631 trunco
345 580 395 644 jam
406 582 507 646 corpori
519 581 626 645 adiecta.

115 656 201 707 XLll.
212 656 302 705 Titum
314 653 371 704 inde
381 655 486 703 Vinium
499 654 614 704 invasere
624 672 630 702 ε
641 652 732 717 dequo
743 650 833 717 etipse
845 646 997 712 ambigitur,

86 731 304 794 consumpseritne
312 733 400 777 rocerb
409 728 461 792 ejus
468 729 564 777 instans
570 739 662 787 metus,
669 744 700 785 an
708 723 915 793 proclamaverit,
924 736 997 767 ‹sncn

84 820 139 853 csse
151 803 183 851 ab
193 801 294 877 chone
301 800 465 870 mandatum.
476 812 505 848 nt
516 800 704 849 occideretur».
716 798 792 865 Quod
803 814 847 847 seu
858 794 935 844 linxit
945 791 997 841 lor-

84 879 189 936 midine,
197 894 238 925 seu
246 875 398 926 conscientii
406 873 777 939 conjurationisconsessrrsestr
788 872 836 921 hnc
841 865 931 935 potiris
942 865 997 925 ejus

84 953 138 1000 rita
148 949 263 1012 famaque
272 948 391 1009 inclinat,
400 959 429 995 ut
436 948 551 995 conscius
560 948 634 995 sceler
641 946 661 994 is
668 945 753 1006 luerit,
762 944 834 1008 cujus
843 956 920 990 causa
930 949 997 987 erat.

84 1023 153 1076 Ante
166 1022 244 1071 adem
257 1021 310 1069 diri
320 1023 380 1070 iulii
389 1021 480 1086 jacuit,
488 1023 572 1088 primo
581 1022 633 1069 ictu
642 1021 666 1068 in
674 1021 808 1087 poplitem,
818 1034 878 1066 mox
886 1016 920 1065 ab
928 1013 1000 1064 lulio

86 1097 162 1155 Caro,
173 1096 313 1160 legionario
321 1094 417 1156 milite,
431 1097 457 1142 in
467 1106 602 1159 utrumque
612 1097 678 1142 latus
690 1093 918 1143 transverberatus.

119 1169 215 1219 XLIIt.
226 1169 352 1233 Insignem
363 1168 404 1216 iltt
413 1167 453 1216 die
462 1170 545 1217 sirum
555 1168 730 1233 Sempronium
741 1168 853 1219 Densum
863 1173 923 1233 aetas
932 1174 996 1207 nos·

88 1242 210 1291 traridit.
222 1242 344 1290 Centurio
355 1244 376 1290 is
388 1243 508 1308 pretoriae
517 1240 638 1299 cohortis,
649 1239 663 1289 is
676 1240 755 1289 Galbri
766 1236 884 1288 custodire
892 1234 996 1283 Pisonis

89 1305 204 1375 additur,
215 1316 302 1366 stricto
309 1316 420 1380 pugione
429 1330 565 1363 occurrens
574 1314 676 1363 armatis
683 1353 692 1375 ,
701 1326 726 1363 et
735 1314 814 1361 scelus
821 1308 996 1376 exprobrans,

87 1390 469 1450 acmoddmanumodbvoce,
477 1389 631 1439 vertendum
639 1396 996 1463 sepercrrssores,quenqusm

87 1466 314 1516 ruinemtoPisoni
323 1464 443 1530 effugium
455 1466 533 1524 dedit.
542 1464 600 1514 Piso
612 1466 637 1513 in
647 1464 724 1513 aedem
731 1465 812 1511 Veste
821 1459 945 1528 pervasit,
955 1471 999 1505 ex·

87 1552 223 1605 septusque
232 1539 402 1589 misericordiis
411 1538 630 1603 publiciservi,ct
639 1540 805 1586 contubernio
814 1537 866 1599 eius
875 1530 996 1586 abditus,

85 1612 138 1662 non
146 1614 268 1677 religione
274 1650 282 1675 ,
289 1628 336 1661 nec
345 1612 509 1673 cerimoniis,
521 1609 566 1658 sed
575 1612 672 1659 latebra
680 1612 814 1659 imminens
823 1606 927 1657 exitium
940 1602 995 1651 dil·

83 1682 178 1735 l'erebat
194 1704 200 1733 :
213 1702 291 1748 quum
307 1683 446 1745 advenire,
463 1685 542 1748 missu
560 1683 686 1741 Othonis,
698 1686 851 1731 nominatim
862 1682 886 1729 in
897 1676 994 1726 cedern

85 1758 140 1821 eius
148 1758 278 1818 ardentes,
288 1758 412 1820 Sulpicius
421 1756 529 1812 Florus,
539 1756 709 1805 suessionicis
719 1756 877 1818 cohortibus,
887 1749 994 1819 nuperi

86 1831 169 1881 Galbi
183 1831 286 1879 civitate
301 1828 422 1886 donatus,
433 1840 459 1877 et
469 1828 563 1877 Statius
572 1830 691 1893 Murcus,
703 1831 865 1896 speculator:
876 1830 888 1878 is
898 1827 994 1893 quibus
1039 1832 1041 1941 p

84 1914 226 1971 protractus
235 1902 293 1948 Piso
298 1937 309 1959 ,
321 1902 346 1947 in
358 1899 454 1948 foribus
465 1900 553 1965 templi
566 1900 714 1951 trucidatur.

115 1976 209 2025 xbtv.
225 1973 326 2021 Nullam
342 1972 433 2021 caedem
448 1972 518 2022 Otho
531 1973 626 2041 majore
636 1974 722 2023 teritis
735 1978 879 2043 excepisse,
890 1974 992 2023 nullum

84 2058 160 2113 caput
171 2058 222 2095 tam
232 2045 415 2094 insatiabilibus
426 2046 507 2094 oeulis
516 2044 679 2112 perlustrisse
691 2047 799 2097 dicitur:
812 2066 855 2097 scu
869 2061 923 2096 tum
934 2046 989 2112 pri-

84 2124 156 2174 mum
164 2123 247 2170 levata
256 2122 326 2170 omni
335 2118 505 2171 sollicitudine
512 2139 598 2187 mens,
610 2123 697 2172 vacare
705 2124 796 2190 gaudio
806 2135 932 2192 coeperat:
944 2137 991 2172 seu

83 2196 227 2247 recordatio
240 2196 377 2257 majestatis
395 2197 420 2245 in
434 2196 534 2255 carba,
551 2198 667 2245 amicitie
683 2198 708 2245 in
719 2198 751 2246 Τ.
766 2199 860 2255 Vinio,
873 2196 990 2263 quamvis

83 2272 209 2321 immitem
222 2269 333 2317 animum
344 2270 452 2336 imagine
466 2272 532 2318 tristi
545 2268 708 2318 confuderat:
724 2270 834 2327 Pisonis,
850 2283 879 2320 ut
890 2266 990 2319 inimici

85 2356 112 2393 et
122 2343 220 2400 emuli,
231 2342 297 2391 caedo
306 2345 399 2404 laetari,
412 2343 450 2407 jus
464 2343 549 2408 larque
561 2342 688 2391 credebat.
700 2342 801 2392 Prelira
813 2344 895 2394 contis
904 2343 989 2408 capita

85 2418 336 2484 gestabantur,inter
349 2420 418 2484 signa
430 2418 590 2481 cohortium,
599 2418 666 2482 insta
675 2418 784 2481 aquilam
796 2418 921 2484 legionis:
933 2434 992 2466 cer-

83 2492 157 2541 tatim
166 2491 351 2541 ostentantibus
358 2497 475 2541 cruenta's
482 2508 584 2549 manus,
595 2490 639 2555 qui
648 2489 802 2544 occiderant.
811 2492 855 2556 qui
866 2490 990 2539 interlue-

83 2576 158 2621 rsnt,
173 2565 215 2629 qui
230 2564 304 2621 vere,
319 2567 363 2629 qui
377 2566 455 2624 laissi,
471 2577 500 2614 ut
510 2564 645 2631 pulchrum
660 2575 685 2613 et
701 2565 865 2613 memorabile
874 2565 990 2627 facinus,

83 2634 219 2699 jactabant.
234 2636 322 2685 l'lnres
332 2638 407 2703 quarn
420 2650 521 2687 centum
532 2648 558 2685 et
570 2638 665 2701 rigenti
676 2637 774 2685 libellos
786 2639 885 2703 premia
895 2653 991 2703 expos·

83 2712 210 2766 centium,
223 2709 256 2756 cb
267 2710 376 2774 aliquam
387 2712 524 2759 notabilem
533 2709 576 2758 ilbi
589 2709 630 2757 die
642 2725 745 2774 operam
752 2746 760 2773 ‚
773 2710 891 2758 Vitellius
899 2708 990 2774 pos'teh

83 2784 179 2832 invenit
189 2800 195 2830 :
204 2798 341 2849 omnesque
349 2786 463 2849 conquiri
473 2795 499 2833 et
507 2782 614 2832 interfici
623 2782 694 2846 jussit
703 2803 711 2847 ;
721 2800 772 2833 non
782 2783 976 2834 bonoreGalbae
982 2818 991 2842 ,

83 2854 127 2904 sed
140 2854 233 2903 tradito
244 2858 401 2924 principibus
414 2874 484 2909 more
494 2894 502 2920 ,
512 2857 699 2907 munimentum
712 2856 742 2906 ad
754 2874 878 2925 presens,
891 2860 916 2907 in
926 2873 990 2925 pos-

82 2937 165 2975 terum
178 2928 312 2977 ultionem.
533 2944 536 2952 “
561 2947 565 2957 ’

115 3002 198 3052 XLV.
210 3001 297 3049 Alium
307 2999 422 3051 crederes
432 3012 562 3061 senatum,
576 3002 656 3057 alium
663 3002 787 3070 populum
799 3022 805 3054 ε
815 3020 890 3054 ruere
901 3004 988 3053 cuncti

83 3077 205 3131 incastra,
212 3076 307 3124 anteire
314 3076 454 3141 proximos,
461 3087 557 3124 certare
565 3092 623 3125 cum
630 3078 849 3145 procurrentibus,
856 3081 988 3145 increpare

83 3151 207 3207 Galbam,
216 3150 318 3202 laudare
327 3151 438 3198 militnm
449 3149 570 3213 judicium
578 3184 586 3209 ,
597 3153 737 3202 exosculari
746 3153 856 3203 Othonis
865 3171 969 3203 manum
982 3171 987 3202 :

83 3227 375 3292 qrrantbqnemagislaba
383 3229 628 3292 erant,qurefiebant‚
636 3230 992 3296 tantoplurasacere.Necad.

82 3302 247 3366 spernabatur
254 3302 365 3368 singulos
375 3301 459 3369 Otho,
471 3302 575 3355 aridum
584 3316 609 3355 er
618 3304 743 3355 minacem
751 3305 863 3357 militum
872 3294 988 3357 inimum
