2100 3709
93 64 140 116 130
336 109 341 114 ,
407 71 434 108 c.
455 69 550 106 conr.
573 63 689 108 ricrrr

93 154 187 208 venat:
198 147 368 224 pressiusque
376 167 423 219 per
431 151 578 217 codicilloa,
591 152 682 202 immiti
691 149 828 218 rescripto,
840 149 1016 211 senserunt:

76 251 81 260 ·
94 233 140 282 rit.
154 228 299 281 Acervatim
312 241 343 275 ex
354 243 385 274 eo
396 226 494 273 Annius
504 225 590 276 Pollio
598 262 604 282 ,
613 225 713 292 Appius
724 226 839 290 Silanus,
850 231 1009 283 Serus-011..

94 323 180 358 merco
194 304 271 358 simul
282 319 312 351 ac
321 301 414 350 Sabino
425 299 552 359 catusio,
563 303 701 364 majestatis
711 301 892 368 postulantur‘‚
905 319 932 357 et
941 309 1008 356 Vini·

94 382 181 430 cianua
190 377 300 428 Pollioni
308 377 376 442 patri
385 371 565 433 adiciebatur,
576 373 636 423 clari
645 389 740 440 genua,
750 368 776 423 εἰ
784 377 890 440 quidam
900 384 1006 432 summis

94 455 235 506 bonoribus
249 471 255 502 τ
269 459 523 512 contremuerantque
534 461 618 515 patres
631 465 637 497 t
650 465 709 498 nam
721 461 816 514 quoius
826 453 937 518 quisque
948 455 1007 504 adti-

93 531 196 592 nitatis‚
206 524 373 577 autamicitise
380 533 418 571 tot
427 522 566 572 illustrium
575 525 702 583 virorum,
711 537 863 590 experserat
870 523 881 574 l
889 529 917 577 ni
925 529 1009 580 Celsus

96 608 199 654 urbana
211 601 322 651 cohortis
334 598 467 653 tribunus,
482 609 539 646 tum
554 599 621 648 inter
633 598 746 660 indices,
758 599 871 666 Appium
884 614 912 651 et
925 603 1010 654 Calvi-

98 682 165 731 sium
175 674 316 725 discrimini
323 671 557 722 exemisset.Caesar
566 671 701 734 Pollionis,
709 674 1010 740 acVinicianiScauriqttt

96 770 210 813 cautam,
224 763 253 800 ut
266 751 318 816 ipse
328 761 388 796 cum
400 757 489 796 senatu
501 748 638 810 nosceretJ
649 746 748 798 distulit
758 768 765 812 5
783 747 851 800 datis
861 749 1010 816 quibusdam

93 828 123 878 in
131 829 250 875 Scaurum
264 820 383 874 tristibus
394 819 473 870 notis.

127 901 160 949 X.
175 900 211 948 Ne
224 897 322 948 lemine
337 894 440 960 quidem
452 908 568 946 exsortes
578 895 687 964 periculi
700 913 706 942 ε
726 893 776 960 qul
791 895 948 964 occupandas
959 897 1008 946 rei·

95 971 200 1040 publica·
212 973 282 1038 argui
297 987 349 1019 non
364 981 498 1036 poterant,
510 971 545 1022 ob
561 971 704 1038 lacrymas
715 970 918 1020 incusabantur:
936 987 1008 1022 neen-

96 1058 172 1109 taque
183 1055 221 1096 est
232 1061 295 1094 anua
302 1045 371 1098 Vitia
383 1082 389 1103 ‚
399 1043 465 1095 Fufii
475 1046 581 1095 Gemini
593 1058 684 1107 mater,
694 1045 764 1110 qudd
773 1046 819 1096 lilii
828 1061 918 1096 necem
929 1047 1009 1099 llev'u·

97 1131 146 1168 set.
161 1118 220 1168 llaec
231 1118 298 1185 apud
310 1129 444 1168 senatum:
461 1137 507 1171 nec
521 1135 594 1170 aecus
608 1119 677 1186 apud
687 1121 829 1186 principem
845 1121 1005 1172 Vescularius

52 1235 55 1239 ,
96 1191 213 1252 Atticus,
232 1208 260 1240 ac
272 1193 353 1241 Julius
367 1191 481 1244 Marinus
492 1193 524 1244 ad
533 1206 643 1244 mortem
658 1203 782 1260 aguntur,
800 1193 1005 1245 desinatiaaimit

94 1270 259 1322 familiarium
276 1270 398 1322 ilbodum
416 1275 510 1334 secuti,
521 1287 547 1326 et
558 1275 625 1342 apud
641 1277 749 1344 Capreas
760 1273 895 1325 individui.
907 1275 1004 1344 Vescn·
1037 1335 1039 1338 Ι

95 1343 173 1396 larius
191 1345 339 1395 insidiarum
360 1349 386 1396 in
400 1349 525 1400 Libonem
543 1351 738 1400 internuntius:
756 1349 856 1399 Marino
867 1349 1004 1416 participe,

95 1418 199 1483 Sejanus
212 1417 327 1469 Curtium
340 1419 452 1472 Atticum
462 1437 622 1490 oppresserat
635 1443 640 1474 :
652 1423 703 1491 qud
713 1421 795 1472 letitia
803 1434 950 1489 acceptum,
960 1437 1003 1472 sua

51 1524 63 1532 -
97 1493 212 1559 exempla
224 1493 251 1543 in
261 1493 420 1544 consultores
433 1495 561 1547 recidisse.
573 1496 621 1548 Per
636 1497 703 1547 idem
714 1509 812 1563 tempus
825 1495 855 1545 L.
865 1495 924 1545 Piso
938 1509 1004 1562 pon-

64 1602 71 1615 .
97 1566 177 1630 tifex,
188 1583 275 1616 rarum
287 1567 314 1616 in
326 1567 395 1616 tanti
406 1570 571 1628 claritudine,
582 1571 634 1620 latu
643 1573 707 1619 obiit
718 1569 828 1632 5raullius
839 1569 936 1619 servilia
948 1585 1004 1616 sen·

99 1641 182 1689 tentiae
193 1650 283 1705 aponte
295 1650 399 1698 auctor,
412 1652 437 1689 et
446 1642 565 1703 quotient
576 1642 712 1690 necessitas
724 1642 851 1706 ingrueret
862 1676 868 1700 ‚
880 1642 1004 1710 sapienter

98 1713 243 1763 moderans.
254 1712 357 1760 Patrem
368 1712 392 1760 ei
401 1713 545 1762 censorium
555 1711 633 1762 fuisse
644 1711 785 1762 memoravi
797 1728 803 1758 ε
818 1723 876 1760 aetas
886 1714 921 1763 ad
932 1725 1003 1764 octo·

97 1787 322 1852 getimnmannnm
329 1787 466 1851 processit:
475 1786 554 1837 decus
561 1784 712 1852 triumphale
720 1786 747 1834 in
757 1783 863 1833 Thracii
871 1799 1005 1848 meruerat,

97 1853 144 1911 sed
151 1862 277 1927 precipua
285 1876 316 1910 ex
326 1870 357 1909 eo
367 1862 447 1926 gloria
455 1899 462 1919 ‚
470 1861 540 1926 qndd
548 1859 677 1928 praefectus
685 1858 742 1908 urbi
751 1857 850 1918 recens»,
860 1864 1006 1914 continuam
1037 1891 1038 1918 1

96 1946 266 2002 potestatem,
278 1935 447 1986 etinsolentii
455 1935 560 2004 parendi
569 1935 723 2000 graviorem,
736 1931 799 1982 mire
813 1937 974 2002 temperarit.
1037 1927 1038 1966 l

130 2008 178 2058 XI.
195 2010 310 2074 Namque
327 2023 417 2070 antea,
430 2009 556 2080 proiectis
568 2008 645 2058 domo
664 2007 781 2074 regibus,
796 2022 824 2056 ac
840 2023 901 2058 mox
913 2013 1006 2078 magis·

98 2082 221 2146 tratibus,
235 2101 265 2132 ne
277 2084 401 2134 urbanius
415 2083 523 2150 imperio
534 2083 615 2142 loret,
627 2084 654 2132 in
666 2093 765 2148 tempus
777 2081 950 2148 deligebatur,
962 2086 1005 2148 qui

96 2155 137 2221 jus
149 2155 283 2216 redderet,
301 2174 329 2207 ac
343 2159 434 2228 subitis
443 2157 589 2210 mederetur
600 2175 606 2207 :
618 2156 751 2220 feruntque
764 2155 795 2203 ab
810 2155 921 2204 Romtrlo
931 2157 1004 2207 Den-

99 2240 165 2281 trem
176 2233 339 2293 Remmium,
350 2231 409 2297 pdtt
417 2234 448 2283 ab
458 2233 537 2284 Tullo
549 2232 655 2283 Hostilio
666 2229 776 2282 Numam
788 2229 926 2292 Marcium,
939 2243 965 2280 et
974 2232 1003 2280 ab

97 2303 237 2370 Tarquinio
246 2307 360 2373 Superbo
370 2307 488 2372 Spurium
499 2297 648 2355 Lucretium
658 2303 790 2369 impositos
801 2321 806 2353 :
821 2303 881 2353 dein
890 2305 1003 2354 consules

98 2379 270 2429 mandabant:
288 2379 410 2445 duratque
425 2380 603 2439 simulacrum,
620 2380 738 2442 quotiens
755 2379 788 2428 ob
810 2378 885 2428 feriar
902 2377 1002 2428 Latinae
1036 2369 1037 2378 ¹

98 2447 246 2511 praeficitur,
257 2447 300 2511 qui
309 2446 440 2496 consulare
450 2463 543 2497 munus
554 2457 669 2511 usurpet.
681 2443 800 2495 ceterum
809 2443 939 2510 Augustus
946 2445 1001 2494 bel·

99 2519 131 2569 lis
140 2521 259 2570 civilibus
271 2521 380 2569 Cilnium
390 2520 566 2579 Maecenatem,
578 2517 702 2582 equestris
710 2518 819 2577 ordinis,
828 2518 926 2568 eunctis
934 2516 1000 2583 apud

100 2591 209 2643 Romam
219 2607 293 2656 atque
306 2592 406 2642 ltaliam
414 2593 559 2658 praeposuit.
572 2591 633 2639 Mox
642 2605 728 2642 rerum
740 2592 848 2658 potitus,
860 2591 893 2640 ob
903 2592 1000 2656 magni·

99 2667 215 2716 tudinem
224 2665 326 2731 populi,
337 2681 366 2712 ac
375 2664 446 2713 tarda
456 2665 543 2726 legum
553 2663 658 2725 auxilia,
674 2667 782 2732 sumpsit
792 2665 805 2714 d
816 2665 1000 2722 consularibus,

100 2739 144 2807 qui
153 2748 279 2788 coerceret
287 2738 389 2785 servitia
397 2772 403 2794 ,
410 2748 437 2785 et
445 2736 516 2800 qnod
524 2735 620 2785 civium
631 2737 733 2788 audacia
743 2739 889 2796 turbidum,
897 2738 945 2786 uisi
953 2739 1000 2788 tim

98 2822 210 2860 metuat:
222 2810 368 2876 primusque
379 2809 484 2858 Messala
497 2808 621 2859 Corvinus
633 2828 688 2861 eam
697 2823 864 2879 potestatem.
877 2822 902 2858 et
911 2823 998 2874 pancos
1035 2805 1036 2858 l

97 2885 164 2932 intra
182 2882 236 2932 dies
246 2882 323 2931 finem
340 2881 453 2949 accepit,
465 2885 537 2948 quasi
553 2885 652 2934 nescius
671 2885 812 2936 exercendi.
825 2885 891 2936 Tum
907 2885 999 2932 Taurus
1035 2899 1036 2954 ᾗ

97 2957 226 3018 Statilius,
238 2971 382 3022 quanquam
391 2956 510 3023 provecti
522 2969 608 3018 aetate,
622 2959 721 3026 egregii
732 2961 862 3008 tolerarit.
874 2957 936 3004 Dein
944 2956 998 3006 l'iro
1035 2959 1036 3010 l

97 3031 191 3098 viginti
208 3048 254 3099 per
269 3047 349 3081 annos
366 3031 459 3099 pariter
473 3031 609 3098 probatus,
624 3035 727 3101 publico
740 3034 842 3095 funere,
857 3049 889 3082 ex
902 3031 995 3084 decretu

98 3104 213 3161 senatus.
225 3105 366 3156 celebratus
377 3118 423 3157 est.
733 3137 737 3146 ·

132 3178 192 3229 Xll.
205 3183 324 3230 Relatum
342 3182 402 3232 inde
413 3181 444 3231 ad
456 3190 541 3249 patres
556 3179 569 3230 i
586 3180 760 3243 Quinctiliano
768 3219 776 3246 ,
795 3181 897 3232 tribuno
907 3180 994 3247 plebei,

99 3257 131 3308 de
146 3256 216 3309 libro
227 3254 358 3326 Sttyttoe,
372 3276 449 3330 quem
459 3258 579 3307 Caninius
594 3257 698 3319 Gallus,
709 3257 909 3324 quindecimvir,
921 3256 993 3319 recipi
1034 3311 1035 3314 Ἴ

100 3332 174 3389 inter
192 3343 294 3393 ceteros
308 3335 427 3407 ejusdem
445 3339 580 3397 retis,..et
595 3337 632 3388 ed
645 3337 677 3390 de
697 3353 725 3388 re
738 3331 992 3405 senatusconsultum
1034 3385 1035 3416 Ξ
