2100 3709
318 117 499 158 ttttrttrcrr
517 121 581 159 ern.
599 123 666 159 ιιι.
892 113 940 165 265

13 207 82 260 gno
93 235 103 259 ,
115 197 284 250 adventabat:
296 213 324 250 ut
333 201 366 250 ed
376 214 477 250 externa
490 204 635 252 rumoribus
644 202 789 251 intestinum
801 205 881 252 scelus
893 207 944 254 ob-

18 285 198 339 scuraretur,
212 293 243 324 an
254 311 260 332 ,
272 287 300 323 ut
312 276 509 340 magnitudinem
520 277 711 342 imperatoriam
722 277 788 325 cede
806 279 943 344 insignium

17 344 167 403 virorum,
180 348 250 412 qussi
262 348 329 411 regio
340 348 449 398 iocinore
459 386 466 406 ,
477 361 624 400 ostentaret.

60 415 172 469 XXIV.
188 421 268 484 Igitur
279 421 348 468 omui
362 421 464 470 ciuitate
477 423 507 470 ad
517 419 695 487 excipiendum
705 419 858 488 principem,
867 438 942 491 spec-

17 489 194 556 tandumque
204 507 288 558 regem
299 529 304 550 ,
317 492 393 542 eliirsd
402 530 409 551 ‚
418 493 542 555 Thraece,
554 510 660 543 occursu
668 494 827 561 prohibitus,
838 513 889 544 uon
897 496 944 546 ‹le-

18 566 108 613 misit
119 561 230 615 animum
244 585 249 614 :
261 565 305 615 sed
319 565 449 616 codicillos
459 567 491 637 ad
500 568 629 618 Neronem
641 567 784 634 composuit
796 604 802 623 ,
814 569 942 632 requirens

20 656 38 687 ιι
45 637 173 702 objecta,
184 649 210 688 et
221 652 418 705 expurgeturum
431 657 574 690 assererent
584 679 589 699 ,
599 644 622 690 si
631 643 747 689 notitiam
757 641 906 701 criminum,
917 655 945 694 et

17 711 139 776 copiam
151 711 264 762 diluendi
274 713 402 763 habuisset
410 727 435 764 n.
444 715 495 764 Eos
509 713 641 764 codicillos
648 713 718 762 Nero
729 725 891 778 properanter
899 731 944 764 nc-

18 785 117 849 copit,
129 801 173 850 spe
181 788 343 846 ,exterritum
349 787 485 836 'l'lrrtream
496 788 623 853 scripsisse
634 804 696 852 ,per
703 803 757 851 que
764 787 944 836 claritudinem

17 874 54 926 pr
59 859 159 923 incipis
167 859 302 910 extolleret
310 895 319 918 „
327 877 446 926 suumque
452 859 551 910 i'nrnarn
560 859 748 915 dehonestaret,
756 859 834 924 Quod
841 861 884 912 ubi
891 877 945 913 nou

19 932 122 980 evenit
132 967 139 989 ,
151 934 310 1004 vultumque,
321 945 346 982 et
355 933 459 1000 spiritus
470 969 478 992 ,
490 945 515 982 et
525 933 668 983 libertatem
680 934 786 982 insontis
795 932 863 982 ultro
873 936 945 984 exti-

21 1005 116 1065 muit,
126 1011 220 1058 vocari
237 1022 329 1072 parrer
344 1007 426 1072 iubet.
438 1009 504 1058 Tum
520 1007 629 1056 Threces
651 1011 716 1056 inter
730 1008 861 1071 proximos
874 1025 941 1072 cpu-

22 1077 157 1136 sultnrit,
170 1097 185 1126 ιι
195 1081 516 1132 tentaretuedeientioueut
524 1119 533 1146 ,
542 1100 576 1131 nn
586 1092 716 1149 sperneret
724 1099 750 1135 r.
760 1082 866 1135 Diversa
874 1101 943 1133 con-

20 1153 87 1202 silia
99 1152 291 1206 adferebantur.

58 1229 152 1277 XXV.
166 1229 265 1292 Quibus
274 1230 362 1280 intrari
372 1229 467 1280 curium
476 1229 609 1296 plucebst,
620 1246 638 1277 s
645 1245 745 1280 securos
755 1247 808 1281 esse
819 1232 851 1280 de
865 1249 941 1281 oons-

21 1300 115 1350 tentid
122 1299 198 1364 ejusu
209 1301 342 1365 dixerunt3
352 1302 436 1352 cnihil
448 1302 586 1362 dicturum,
595 1304 644 1351 nisi
651 1319 704 1366 quo
714 1305 819 1368 glorium
828 1321 942 1371 augeret.

20 1374 164 1439 Segnes’et
172 1375 278 1441 pavidos
288 1375 412 1440 supremis
423 1375 474 1422 suit
481 1385 605 1423 secretum
611 1375 780 1425 circumdare,
791 1375 942 1442 Adspiceret

21 1447 145 1514 populus
159 1449 261 1507 virum,
279 1449 356 1497 morti
367 1448 487 1504 obvium,
504 1446 603 1495 audiret
619 1458 719 1496 renatus
731 1464 804 1497 voces
811 1485 818 1507 ,
828 1454 899 1513 qunti
910 1470 942 1502 ex

22 1521 120 1586 aliquo
129 1521 248 1582 numine,
260 1536 334 1588 rupta
345 1519 467 1570 humanat
479 1537 485 1566 τ
495 1535 569 1585 porse
578 1520 634 1586 ipro
639 1520 762 1569 miraculo
768 1521 847 1568 etiarn
857 1524 942 1573 Nero..

22 1611 91 1642 nem
109 1592 254 1660 permoveri
265 1610 271 1641 τ
291 1595 329 1642 sin
342 1591 486 1642 crudelitati
502 1593 645 1650 insisteret,
661 1592 782 1657 distingui
795 1595 862 1642 certi·
873 1599 942 1662 apud

21 1667 304 1733 posterosmemorisnr
310 1665 410 1716 horrenti
417 1664 501 1715 exiens
506 1665 539 1714 ab
545 1663 642 1730 ignatii
648 1681 693 1731 per
699 1664 826 1719 silentium
834 1668 943 1734 pereun-

23 1742 99 1790 tium
111 1759 137 1790 e.

58 1815 165 1866 XXVI.
184 1815 291 1873 Ocurri,
312 1816 355 1882 qui
373 1814 557 1882 opperiendum
573 1813 645 1864 domi
660 1813 814 1878 censebant,
834 1815 865 1865 ile
883 1819 940 1884 ipio

20 1887 142 1940 Thrnted
153 1890 239 1939 eadem
253 1909 258 1938 :
270 1908 285 1938 ιι
294 1891 340 1940 sed
349 1891 458 1952 ludibria
467 1903 494 1939 et
502 1890 669 1944 contumelias
678 1889 809 1943 imminere
821 1891 942 1940 :subtre-

20 1960 102 2012 heret
114 1980 188 2012 sures
199 1966 336 2026 conviciis,
353 1977 380 2014 et
394 1966 504 2030 probris.
520 1964 580 2014 Non
593 1964 676 2014 solum
687 1963 878 2021 Cossutianum,
894 1976 939 2014 cut

22 2037 138 2102 Eprium
147 2037 179 2086 ad
190 2039 272 2086 scelus
281 2050 427 2104 promptos,
441 2053 572 2103 superesse
582 2039 625 2100 qui
635 2035 742 2086 iorsiteu
754 2053 845 2092 manus
856 2037 940 2085 ictus-

19 2125 74 2174 que
82 2113 320 2176 perimmunitatem
329 2109 437 2176 Augusti
446 2109 695 2158 :etiambonotmctu
701 2112 781 2169 sequi.
788 2109 942 2161 Detraheret

21 2185 116 2250 potiits
125 2189 319 2251 senatui,quem
329 2184 530 2252 perornavisset,
539 2181 668 2230 infamiam
676 2182 742 2229 tenti
752 2182 856 2245 flagitii3
869 2195 895 2230 et
902 2200 942 2232 re·

20 2257 154 2323 linqueret
161 2261 301 2324 incertum,
314 2258 387 2324 quid,
397 2259 452 2306 viso
461 2253 572 2324 Thraeci
581 2269 639 2312 reo,
654 2252 779 2302 decrerim
788 2265 872 2320 putres
883 2254 940 2304 lue·

22 2336 89 2383 rint.
105 2335 141 2385 Ut
158 2335 288 2385 Neronem
300 2335 453 2398 flagitiorum
465 2331 550 2398 pudor
561 2341 677 2395 caperet,
689 2328 758 2380 irriti
773 2344 817 2392 spe
832 2330 938 2393 agitari:

24 2407 162 2474 morteque
172 2411 252 2476 magis
262 2407 405 2468 timendum
416 2443 422 2465 ,
433 2424 465 2456 ne
476 2408 503 2455 in
514 2407 648 2469 coniugem
657 2439 664 2459 ‚
676 2404 703 2450 in
712 2402 832 2451 familism
843 2404 885 2459 ,in
894 2418 940 2450 ce.

24 2495 81 2533 tera
90 2483 196 2550 pignora
205 2485 258 2549 ejus
270 2485 378 2532 sreviret.
390 2480 500 2531 Proinde
515 2483 681 2528 intemerntus
686 2511 696 2537 ,
705 2474 852 2540 impollutus
859 2511 866 2530 ,
874 2491 940 2538 quo-

23 2575 84 2606 rum
91 2559 203 2623 vestigiis
212 2569 238 2606 et
245 2557 336 2608 studiis
344 2557 420 2606 ritant
427 2555 538 2614 duxerit,
544 2567 633 2600 eorum
640 2548 720 2616 glutiit
727 2557 822 2614 peteret
828 2547 902 2599 finem
910 2565 935 2601 u.

22 2632 122 2681 Aderat
134 2633 241 2681 consilio
251 2633 371 2682 Rusticus
382 2631 509 2680 Arulenus
518 2664 524 2686 ,
539 2627 645 2690 flagrans
656 2622 771 2687 juvenis,
782 2632 808 2674 tt
817 2621 936 2687 &tridino

20 2707 108 2756 lnudit
124 2705 258 2766 oflerebst,
271 2723 316 2756 esc
327 2707 524 2757 intercessurum
533 2698 777 2752 senatusconsulto»
792 2715 797 2744 :
811 2713 870 2745 uam
880 2697 938 2761 ple·

24 2780 66 2829 bis
78 2780 197 2830 tribunus
216 2791 279 2830 erat.
298 2762 418 2830 cedibuit
430 2778 534 2844 spiritur
546 2773 599 2838 ejus
609 2770 735 2826 Thrasea,
751 2787 767 2819 ιι
777 2787 808 2819 ue
819 2787 897 2831 rann,
910 2780 939 2819 ct

20 2869 67 2903 reo
76 2869 128 2903 nou
137 2849 279 2920 prestitum,
286 2852 459 2902 interceessori
466 2850 569 2898 exitiosa
579 2846 711 2911 inciperet.
722 2843 776 2891 Silri
789 2855 869 2896 actam
881 2856 939 2893 aetn·

22 2940 90 2986 tem,
102 2938 128 2974 ct
142 2937 180 2974 tot
188 2941 233 2992 per
242 2940 322 2979 annos
333 2923 481 2971 continuum
495 2920 550 2968 vitat
562 2916 679 2966 ordinem
689 2933 737 2964 non
748 2915 936 2970 deserendum:

23 3001 64 3048 illi
77 2991 390 3064 initium'magistrstuum
399 3031 406 3054 ,
427 3005 452 3042 et
469 2995 583 3056 integra,
599 3006 653 3054 qut
669 2990 805 3065 supersint.
825 2988 936 3037 Multum
957 3001 960 3004 ’

30 3074 89 3124 ente
100 3087 186 3120 recum
199 3069 369 3136 expenderet,
381 3067 465 3133 quod,
476 3065 521 3116 tali
537 3066 562 3112 in
576 3071 706 3128 tempore,
719 3061 875 3128 capessenda
885 3063 937 3109 rei·
952 3133 956 3137 ·

27 3149 136 3213 publice
146 3145 194 3193 iter·
207 3143 379 3211 ingrederetur
391 3158 416 3190 u.
430 3137 550 3189 Ceterirm
562 3136 631 3202 ipse,
644 3153 676 3184 au
687 3136 772 3185 venire
784 3136 810 3182 in
821 3146 937 3188 senatum

26 3223 139 3278 deceret,
154 3215 312 3265 meditationi
322 3231 371 3263 suae
384 3213 496 3278 reliquit.

60 3290 160 3344 XXVI!
173 3291 207 3340 At
218 3277 318 3356 posteri
332 3289 389 3335 luce
396 3322 403 3344 ,
416 3285 469 3336 duee
479 3283 601 3349 praetorias
610 3278 728 3327 cohortes
740 3287 855 3341 armate,
866 3290 934 3327 tem·

30 3373 101 3444 plum
119 3365 249 3435 genitricis
262 3360 370 3417 Venerit
382 3356 504 3410 insedere.
520 3354 626 3405 Aditum
640 3350 740 3401 senatuis
754 3350 846 3469 {polens
860 3361 934 3418 toge-
