2100 3709
60 69 108 127 sss
371 79 397 121 c.
420 80 512 119 cona.
534 77 647 117 necrus

60 180 184 236 penates,
201 178 227 218 et
240 167 294 231 iura
312 166 518 225 successionum,
533 158 592 227 eq'ui
605 146 739 211 traduntur
751 160 869 229 rescipit
883 161 970 213 filins
979 197 995 222 s
1030 148 1031 217 i

61 261 127 304 non,
140 255 167 291 ut
180 255 277 304 cetera,
286 242 418 305 ‚maximus
431 251 507 297 natu,
520 236 564 287 sed
575 246 651 301 prout
660 235 731 284 ferox
743 238 812 286 bello
821 251 851 294 et
865 241 984 290 melior.

94 326 217 382 xxxtll.
235 330 311 376 Juxta
326 329 463 375 Tencteros
481 328 597 376 Bructeri
612 325 675 372 oiim
694 326 879 375 occurrebant:
900 345 985 375 nunc

61 403 206 452 Chamavos
218 412 244 448 et
261 402 423 465 Angrivarios
435 398 591 463 immigrdsse
599 410 735 449 «narratur.
752 400 830 463 pulsis
839 400 984 448 Bructeris

63 492 94 524 ac
104 474 205 541 penitius
219 474 324 531 excisis,
338 472 476 521 vicinarum
488 483 611 521 consensu
624 473 767 525 nationum.
785 488 827 520 seu
843 473 982 537 superbiae

61 550 133 609 odio,
145 566 188 598 seu
198 547 286 614 praedze
297 546 444 599 dulcedine.
456 562 499 594 seu
509 547 594 595 favore
603 545 711 609 quodam
722 561 833 609 ergsnos
846 543 956 593 deorum
967 563 978 593 :

60 640 120 673 nam
138 642 170 672 ne
185 620 328 689 spectaculo
342 620 444 684 quidem
456 620 535 685 praelii
548 618 675 669 invidere:
689 636 765 682 super
775 632 810 666 ux
822 620 900 667 miliia
914 636 977 667 nnn

61 697 136 745 armis
147 697 255 759 telisque
271 691 406 751 Romanis,
418 691 461 740 sed
480 692 549 755 quod
566 692 767 757 magnificentius
778 702 831 747 est,
846 689 978 739 obiecta-

59 771 123 818 tioni
141 768 269 830 oculisque
285 764 440 814 ceciderunt.
457 767 558 812 Msneat
572 780 670 829 quaeso,
687 762 811 828 duretque
829 766 974 829 gentibus,

60 845 82 890 si
96 858 147 901 non
162 858 233 892 amor
247 838 341 895 nostri,
356 838 456 887 atcerte
469 837 557 885 odium
570 838 608 883 aui
619 854 625 884 ι
637 835 739 899 quando
749 838 899 899 urgentibus
913 840 973 887 im-

57 918 121 981 perii
134 915 206 975 iaris,
226 911 291 961 uihil
301 911 351 976 jam
362 921 477 977 prestare
493 908 594 959 fortuna
606 910 685 971 majus
699 920 798 974 potest,
809 908 886 975 quim
901 912 971 962 bos-

59 990 121 1036 tium
132 986 293 1035 discordiam.

91 1073 215 1122 XXXIV.
227 1054 388 1135 Angrivarios
399 1067 578 1121 etcbarnavos
590 1070 604 1118 'a
616 1080 685 1135 tergo
696 1070 842 1137 Dulgibiui.
859 1086 881 1122 et
897 1072 968 1127 Cha·

58 1149 126 1199 suari
138 1147 257 1200 cludunt.
269 1144 371 1207 aliaeque
383 1156 469 1208 gentes
481 1143 549 1191 baud
564 1145 670 1210 perinde
679 1159 831 1196 memoratu.
843 1146 866 1197 A
878 1147 967 1197 fronte
1030 1196 1031 1211 p

56 1222 132 1270 Frisii
147 1220 286 1285 excipiunt.
304 1218 462 1287 Mrrjorr'bus
478 1220 681 1290 minoribusque
698 1224 799 1273 Frisiis
809 1222 967 1272 vocabulum
1030 1230 1031 1293 t

58 1307 114 1354 est,
135 1312 164 1343 ex
189 1292 267 1341 modo
285 1291 396 1338 virium:
419 1301 529 1355 utraeque
547 1294 662 1342 nationes
680 1310 759 1358 usque
779 1293 809 1342 sd
830 1294 966 1343 Oceanum
1030 1308 1031 1333 ὲ

57 1367 149 1417 Rheno
168 1376 354 1433 pratexuntur,
371 1363 537 1429 ambiuntque
556 1368 692 1416 immensos
711 1370 813 1435 insuper
832 1370 918 1431 lacus,
939 1381 968 1419 et

57 1443 180 1490 Romanis
189 1434 311 1489 elassibus
319 1436 459 1503 navigatus.
469 1436 557 1503 Ipsum
567 1441 704 1505 quinetiam
712 1440 840 1491 Oceanum
851 1440 893 1490 illi
906 1439 966 1491 ten·

58 1517 188 1564 tacimus:
206 1525 232 1562 et
243 1525 374 1577 superesse
384 1510 465 1558 adhuc
479 1510 597 1559 Herculis
608 1514 739 1563 columnas
756 1514 819 1564 fama
831 1518 944 1582 vulgavit
957 1534 964 1565 :
1030 1516 1031 1575 j

58 1590 114 1637 sive
130 1587 194 1636 adiit
214 1586 353 1643 Hercules,
374 1600 417 1630 scu
435 1582 558 1646 quidquid
576 1586 669 1649 ubique
687 1590 844 1654 magnificum
861 1602 915 1647 est,
934 1591 964 1639 in

57 1655 196 1709 ciuitatem
215 1659 267 1719 eius
279 1655 371 1706 referre
385 1657 569 1706 consensimus.
582 1657 637 1707 Nec
650 1660 732 1709 defuit
744 1662 860 1713 audentia
879 1663 964 1713 Druso

55 1724 222 1791 Germanico,
233 1731 277 1779 sed
290 1729 389 1780 obstitit
400 1729 515 1775 Oceanus
525 1728 551 1775 in
563 1745 589 1777 se
602 1732 675 1779 sinrul
690 1746 765 1798 atque
781 1739 805 1782 in
821 1736 961 1787 Herculem

55 1808 156 1873 inquiri.
171 1806 233 1854 Mox
250 1819 324 1851 nemo
337 1803 456 1860 tenuris:
471 1804 632 1867 sanctiusque
647 1820 676 1852 ac
690 1803 845 1875 reverentiis
861 1812 960 1871 visum,

55 1882 87 1931 de
102 1882 163 1932 actis
174 1880 278 1927 deorum
290 1875 409 1938 credere,
422 1874 497 1939 quam
509 1878 584 1924 scire.
922 1896 925 1903 v

87 1968 198 2018 XXXV.
208 1963 335 2014 Hactenus
344 1959 373 2012 in'
380 1965 544 2016 Occidentem
554 1968 716 2020 Germaniam
727 1974 853 2023 norimus.
864 1975 894 2025 In
904 1992 960 2044 sep·

55 2043 209 2093 tentrionem
219 2040 316 2103 ingenti
323 2039 389 2086 flexu
399 2038 475 2089 redit.
484 2039 522 2090 Ac
531 2042 613 2108 primo
624 2046 709 2095 statim
720 2046 878 2097 Chaucorum
888 2066 960 2114 gens,

55 2130 198 2179 quanquam
210 2114 312 2179 incipiat
324 2110 337 2160 i
347 2112 450 2176 Frisiis,
459 2131 487 2163 ac
496 2129 596 2181 purtem
605 2117 698 2167 littoris
709 2115 830 2186 ‘occupem
845 2125 960 2173 omnium

54 2205 116 2253 quas
125 2186 230 2253 exposui
240 2186 354 2251 gentium
366 2187 486 2237 lateribus
499 2190 647 2239 obtenditur
653 2213 663 2251 i
674 2186 754 2241 donec
768 2194 795 2241 in
813 2196 900 2245 Cattos
912 2212 959 2245 us·

54 2278 103 2326 que
112 2263 227 2311 sinuetur
237 2278 243 2308 ε
262 2273 314 2308 tam
324 2261 474 2310 immensum
486 2276 610 2315 terrarum
620 2266 729 2329 spatium
739 2282 791 2314 non
803 2278 892 2320 tenent
903 2281 961 2321 tan·-

53 2332 109 2383 trim
116 2331 269 2389 (tharsenses
276 2344 301 2381 et
308 2332 416 2397 implent
423 2357 429 2382 ι
437 2336 546 2399 popuiu‘s
554 2332 770 2387 inruue'rmanos
775 2340 957 2409 nobilissimus,

55 2410 147 2474 quique
160 2406 358 2471 magnitudinem
371 2423 444 2457 suam
455 2410 527 2459 malit
538 2409 634 2473 justitii
645 2415 726 2462 tueri:
741 2414 793 2464 siue
805 2416 959 2483 cupiditate,

53 2482 107 2530 sine
117 2474 282 2549 impetendi,
295 2482 376 2545 quieti
387 2485 540 2547 secretique,
556 2486 625 2533 nulia
640 2500 777 2553 provocant
785 2488 868 2549 bella,
883 2491 960 2540 nullis

56 2556 168 2620 raptibus
181 2566 225 2602 siit
234 2555 373 2603 latrociniis
384 2558 551 2621 populantur.
564 2558 641 2622 quue
651 2561 804 2626 precipuum
817 2562 917 2613 virtutis
930 2580 959 2613 ac

51 2628 145 2683 virium
155 2627 330 2690 argumentum
345 2638 396 2687 est,
409 2628 490 2691 quud,
503 2642 531 2679 ut
543 2632 683 2695 superiores
695 2644 782 2698 agant,
791 2650 845 2697 uon
853 2652 897 2701 per
913 2638 954 2685 iu·

53 2699 136 2763 jurias
157 2698 337 2763 adsequuntur.
350 2702 470 2766 Prompta
489 2716 573 2751 tamen
594 2706 712 2754 omnibus
730 2722 797 2755 arma
809 2744 815 2765 ,
828 2726 869 2767 ac,
884 2712 904 2759 si
919 2730 959 2764 res

51 2783 140 2836 poscat
151 2806 157 2827 ,
167 2772 292 2827 exercitus
303 2787 309 2818 ε
322 2772 460 2837 plurimum
471 2775 583 2824 virorum
593 2790 765 2842 equorumque
775 2795 781 2827 :
793 2790 818 2829 et
827 2783 957 2845 quiescen-

52 2844 121 2892 tibus
134 2842 221 2891 eadem
234 2846 311 2893 iama-

81 2933 204 2983 xxxvl.
217 2931 247 2981 In
257 2935 339 2985 latere,
346 2934 507 2985 Chaucorum
517 2938 708 3003 Cancrumque,
719 2941 841 2993 Cherusci
849 2946 952 2996 nimiam

52 3019 243 3073 semareeutcm
259 3007 306 3057 ut
314 3026 401 3074 pacem
414 3008 550 3069 inlacessiti
561 3015 705 3064 nutrierunt
718 3033 723 3063 :
740 3016 815 3081 idque
823 3017 956 3083 jucundius

52 3079 215 3144 qubm'tutius
224 3081 272 3132 fuit
283 3101 289 3131 :
300 3084 358 3149 quis
371 3085 435 3132 inter
447 3086 599 3151 impotentes
610 3090 742 3139 et-raiidos
750 3090 814 3140 falari
827 3094 953 3159 quiescssq

42 3152 98 3203 'uss
114 3174 190 3206 runnu
205 3160 297 3224 agitur,
312 3160 435 3209 modestia
454 3175 482 3209 ae
494 3163 607 3227 probitas
619 3166 722 3213 nomine
738 3168 878 3231 superioris
889 3180 954 3220 sunt·

52 3228 92 3276 its
102 3234 145 3294 qui
154 3233 217 3281 oiim
230 3236 311 3283 «boni
322 3238 435 3300 equique
446 3236 601 3296 Cheruscis,
616 3255 684 3288 nunc
696 3256 711 3289 u
721 3244 815 3291 inertes
825 3258 853 3289 ac
865 3244 955 3291 stultis
988 3303 989 3307 Ἰ

52 3316 175 3390 vocantur
186 3324 194 3354 ι
206 3308 286 3360 Cattis
297 3303 437 3363 victoribus
445 3307 554 3365 bitum
567 3314 595 3366 in
605 3314 753 3383 sapientiam
766 3310 854 3369 crisis.
868 3316 949 3369 Treui
