2100 3709
5 42 6 107 J
80 59 130 129 574
244 72 254 86 ·
402 57 427 97 s.
448 59 543 96 contr.
565 33 690 96 racrnr'

79 153 234 221 flagitiorum
244 146 319 215 ipsis,
332 144 376 212 qui
387 143 509 204 aderant,
523 125 644 206 omnique
656 139 746 200 ludii,
759 129 893 207 perquam
907 153 1010 190 somno

5 218 6 289 l
80 239 107 278 et
118 224 179 276 luxu
194 211 330 292 pudendus
348 223 493 269 incesserat.
508 217 608 282 Vulgus
622 227 725 272 tamen,
743 230 853 264 vacuum
870 215 966 272 curis,
983 226 1009 264 et

5 302 7 345 l
80 303 134 353 sine
144 301 199 350 ialsi
208 299 311 363 verique
320 294 464 345 discrimine
475 292 562 343 solitas
574 291 733 341 adulationes
740 288 872 353 edoctum,
883 289 1008 338 clamore

5 396 6 403 ¹
79 389 106 427 et
117 374 223 426 vocibus
232 369 393 436 adstrepebat
403 386 409 415 :
421 367 592 430 abnuentique
603 381 696 414 nomen
704 364 840 435 Augusti,
847 362 1006 430 expressere
1044 373 1045 386 ³

5 448 6 497 ζ
80 463 110 502 ut
120 457 275 505 assumeret,
286 457 339 493 tam
350 442 452 501 frustra,
461 439 539 504 quim
547 451 717 492 recusaverat.

5 522 6 529 ’
112 521 183 572 xcl.
198 518 276 586 Apud
292 516 422 566 civitatem
437 526 529 563 cuncts
542 513 767 579 interpretantem,
785 509 882 560 funesti
898 510 1004 568 ominis

5 624 6 627 =
79 598 137 646 loco
149 606 281 662 acceptum
294 600 348 648 est,
360 587 429 654 qudd
439 589 581 637 maximum
592 585 769 652 pontificatum
784 582 892 650 adeptus
902 583 1002 634 Vitel-

77 669 143 729 lius,
161 667 193 718 de
203 665 353 717 cerimoniis
365 662 472 728 publicis
485 678 528 710 xv.
540 660 600 710 Kal.
614 657 681 724 Aug.
696 659 831 714 edixisset,
848 655 1001 721 antiquitiss

79 743 190 794 infausto
205 740 245 789 die
258 737 418 788 Cremerensi
435 735 594 800 Alliensique
609 733 744 783 cladibus:
760 731 824 782 adeo
836 732 925 781 omnis
941 729 998 779 hu-

79 817 149 867 mani
165 815 296 878 divinique
310 811 374 876 juris
389 827 494 878 expers,
505 811 562 877 pari
571 809 722 858 libertorum
738 807 935 868 amicorumque
948 807 996 854 s'o-

78 887 180 949 cordid,
190 887 260 936 velut
269 886 336 933 inter
345 879 498 932 temulentos
508 883 607 948 agebat.
618 879 669 930 Sed
675 881 777 930 comitia
783 879 921 928 consulum
932 893 995 925 cum

78 959 220 1010 candidatis
229 957 338 1006 civiliter
349 957 493 1018 celebrans,
503 969 606 1004 omnem
616 953 707 1002 inlimae
716 952 798 1018 plebis
804 965 939 1000 rumorem
949 986 957 1008 ,
967 950 994 997 iu

77 1031 178 1081 theatro
189 1042 217 1080 ut
232 1042 368 1097 spec-tator,
379 1030 481 1078 incircc
490 1041 520 1078 ut
527 1027 609 1080 [sutor
617 1025 756 1076 affectavit:
768 1041 837 1090 quas,
848 1035 920 1090 grata
931 1022 994 1072 saud

5 1116 6 1123 ¹
78 1115 105 1154 et
122 1103 253 1171 popularis
264 1140 272 1164 ,
296 1103 319 1151 si
336 1100 352 1150 d
372 1104 512 1153 virtutibus
533 1101 767 1168 proficiscerentur,
789 1098 915 1148 memorid
934 1099 994 1147 vitae

5 1190 6 1229 Τ
77 1179 185 1245 prioris,
198 1177 317 1227 indecora
328 1188 354 1226 et
365 1179 426 1227 vilia
436 1177 635 1245 accipiebantur.
650 1175 800 1224 Ventitabat
811 1175 838 1220 in
854 1181 992 1230 senatum,

79 1253 158 1303 ctiam
170 1270 248 1319 quum
257 1255 339 1320 patris
348 1253 380 1303 de
391 1255 468 1304 rebus
477 1263 563 1320 patres
573 1251 774 1301 consulerentur.
786 1250 824 1297 Ac
837 1245 904 1296 lorte
918 1244 993 1294 Pris-

77 1343 123 1377 cus
134 1327 281 1387 lleltr'dius,
290 1338 382 1394 praetor
390 1326 547 1393 designatus,
557 1338 645 1375 contra
654 1323 768 1374 studium
779 1322 831 1386 eius
842 1331 990 1369 censuerat.

76 1401 229 1451 Commotus
242 1401 327 1470 primd
340 1401 473 1467 Vitellius,
493 1419 545 1450 non
565 1412 650 1450 tamen
663 1397 741 1459 uitri,
753 1396 829 1462 quim
838 1395 990 1460 nTribnnos

75 1476 159 1541 plebis
170 1474 332 1533 inauxiliuin
346 1482 435 1542 spretas
447 1475 603 1542 potestatis»
616 1473 758 1523 advocarit.
768 1473 830 1521 idox
840 1469 988 1534 mitiganti-

75 1547 125 1598 bus
134 1550 237 1609 amicis,
249 1550 292 1615 qui
301 1552 420 1599 altiorem
427 1546 585 1598 iracundiam
595 1548 649 1612 ejus
658 1547 819 1612 verebantur,
827 1561 841 1592 c
848 1542 914 1593 nibil
924 1545 987 1592 nori

77 1623 220 1674 accidisset)
230 1624 377 1691 respondit,
391 1623 481 1687 rqubd
494 1623 545 1672 duo
559 1635 687 1672 senatores
699 1623 724 1671 in
734 1617 867 1687 repubttet
882 1617 985 1666 dissen-

76 1697 155 1746 tirent
170 1717 181 1747 :z
190 1699 292 1748 salitum
304 1714 330 1746 se
348 1689 424 1744 etism
437 1695 554 1745 Thraseae
569 1694 774 1744 contradiceres.
789 1691 893 1742 lrrisdre
905 1693 988 1759 pleri·

77 1785 126 1834 que
144 1768 330 1837 impudentiam
347 1769 516 1817 emulationis
532 1787 538 1817 s
555 1769 610 1816 aliis
624 1766 651 1820 id
665 1768 749 1832 ipsum
769 1767 900 1832 placebat,
916 1763 987 1829 q‘ubd

77 1843 207 1892 neminem
216 1860 247 1892 ex
257 1842 474 1909 prepotentibus,
485 1840 624 1890 Tliraseam
635 1838 668 1888 ad
681 1839 813 1907 exemplar
826 1855 888 1890 rere
900 1841 989 1906 glorie

77 1915 102 1964 le
121 1919 189 1966 isset.
281 1957 290 1964 .
826 1960 829 1963 ,

103 1932 195 2040 gXCII.
207 1989 379 2056 Praeposuerat
390 1989 547 2054 praetorianis
559 1989 588 2038 P.
601 1989 739 2050 Sibinum,
753 1987 926 2056 ipraeiecturd
938 2006 987 2039 co-

79 2063 173 2129 bortis,
191 2063 288 2112 lulium
304 2060 436 2122 Priscum,
451 2073 507 2110 tum
521 2064 715 2113 centurionem:
733 2063 833 2113 Priscus
850 2064 987 2122 Valentis,

79 2136 187 2186 Sabinus
203 2136 306 2186 Caecinae
322 2133 402 2200 grstid
414 2136 553 2200 pollebant.
572 2136 641 2186 luter
654 2136 795 2196 discordes,
806 2136 914 2187 Vitellio
925 2137 989 2186 nibil
1044 2189 1045 2192 Ἴ

79 2212 255 2262 nodositatis:
266 2211 353 2259 munia
362 2211 464 2275 imperii
472 2209 568 2259 Cacina
577 2225 606 2259 ac
614 2211 709 2261 Valens
720 2211 910 2270 obibaut301im
920 2214 990 2261 surii
1044 2219 1045 2274 ,

81 2283 160 2342 odiis,
169 2302 223 2349 quae
233 2322 239 2343 ,
249 2284 350 2333 belloet
359 2285 447 2332 castris
455 2284 522 2332 malis
532 2283 700 2345 dissimulata,
710 2286 818 2352 pravitas
828 2286 971 2335 stoicorum
977 2322 985 2346 ,

81 2370 108 2406 et
122 2357 229 2408 secunda
245 2355 377 2424 gignendis
395 2357 533 2407 inimicitiis
550 2357 640 2407 civitas
655 2371 775 2422 auxerat,
792 2359 855 2408 dum
870 2361 985 2424 ambitu,

78 2433 219 2492 comitatu,
231 2443 257 2481 et
265 2432 395 2481 immensis
405 2431 570 2480 salutantium
581 2432 725 2498 agminibus
733 2431 903 2494 contendunt,
912 2451 986 2484 com-

80 2518 270 2573 paranturque3
286 2507 364 2556 variis
380 2506 406 2554 in
421 2505 489 2555 bunc
506 2517 551 2555 ant
566 2500 640 2556 illum'
653 2507 753 2558 Vitellii
768 2507 987 2562 inclinationibus.

81 2581 138 2633 Nec
151 2572 263 2647 unquam
271 2583 333 2631 satis
345 2580 394 2630 fida
406 2581 531 2648 potentia,
547 2581 592 2640 ulti
601 2583 679 2630 nimia
690 2592 737 2630 est.
750 2581 830 2630 Simul
843 2583 924 2648 ipsum
934 2581 986 2632 vi.

81 2656 196 2714 sellium,
207 2657 298 2706 subitis
310 2655 410 2706 offensis
426 2668 470 2705 sut
482 2654 668 2723 intempestivis
680 2653 810 2704 blanditiis
820 2657 988 2713 mutsbilem,
1044 2647 1045 2726 l

57 2789 60 2793 1
80 2733 278 2782 contemnebant
288 2733 494 2797 metuebantque.
504 2729 558 2780 Nec
572 2736 602 2780 eo
612 2731 713 2800 segnitie
725 2733 868 2780 invaserant
881 2731 988 2791 domos,
1044 2729 1045 2758 l

14 2816 23 2829 ¹
81 2803 184 2863 bortos,
197 2822 306 2871 opesque
317 2808 418 2872 imperii
429 2825 435 2855 ε
445 2823 524 2871 quum
538 2807 629 2856 flebilis
639 2817 664 2854 et
676 2823 752 2872 egens
762 2807 886 2855 nobilium
901 2805 989 2864 turbs,

81 2895 145 2947 quos
161 2878 230 2943 ipsos
246 2879 388 2943 liberosque
405 2883 490 2948 patric
506 2881 588 2929 Galba
603 2879 764 2940 reddiderat,
779 2879 847 2928 nulli
865 2881 987 2944 principis
1044 2885 1045 2924 ἰ

80 2949 254 3001 misericordiis
265 2951 419 3013 juvarentur,
431 2953 538 3002 Gratum
548 2953 704 3017 primoribus
713 2952 836 3012 civitatis,
844 2953 920 3000 etiam
930 2953 987 3017 ple-

78 3026 125 3076 bes
136 3023 302 3092 approbarit,
321 3022 391 3088 qubd
409 3027 519 3094 reversis
531 3026 562 3074 ab
579 3025 668 3074 exsilio
684 3024 738 3089 jura
754 3025 904 3074 libertorum
921 3043 985 3074 con-

57 3102 211 3157 cessisset:
234 3114 377 3163 quanquam
397 3094 424 3146 id
442 3100 513 3150 omni
533 3099 611 3149 modo
632 3099 735 3150 servilis
756 3099 983 3164 inqeniacorrum-

113 3175 186 3232 bant,
205 3171 297 3222 abditis
316 3175 430 3239 pecuniis
445 3190 490 3240 per
506 3177 641 3233 occultos,
669 3184 714 3222 sut
727 3173 877 3240 ambitiosos
895 3176 981 3224 sinus:

79 3191 223 3311 §quidam
236 3247 264 3296 in
280 3247 385 3301 domum
396 3249 500 3300 cesaris
515 3248 683 3316 transgressi,
705 3259 780 3314 atque
799 3248 860 3315 ipsis
876 3247 985 3318 dominis

80 3323 248 3385 potentiores.
