2100 3709
102 87 153 143 tbi
351 104 354 117 ¹
412 95 437 136 c.
458 97 556 135 coast.
578 92 693 136 ractrr

103 177 490 234 ecurtiusllulusrideturmibi
497 197 528 230 er
538 193 673 234 senatus».
682 179 767 246 longi
777 188 835 248 post
843 179 895 231 bac
901 180 1023 246 renecti,

103 269 131 308 et
141 253 261 307 adrersba
270 253 413 319 superiores
423 255 489 302 triati
500 253 646 308 adulatione
655 290 662 313 ,
672 255 792 319 arr'ogaua
802 257 957 316 minoribus,
970 259 1020 305 in-

103 343 144 382 ter
157 326 363 396 pareadifficilis,
381 329 513 376 consulare
532 329 683 394 imperium,
702 327 826 394 triumphi
842 331 964 395 iusignia,
987 347 1019 380 ae

101 402 233 525 postpemb
240 400 351 452 Africam
362 400 487 450 obtinuit:
497 407 573 466 atque
583 401 618 450 ibi
628 395 770 461 deleretur,
781 402 856 452 fatale
863 406 1019 472 prasagium

103 479 230 544 imperit.
900 483 902 486 '

135 560 221 610 xxtr.
235 555 335 608 luterei
351 557 438 606 Rome
448 592 455 614 ,
466 556 544 604 nullis
553 552 653 620 patto,
665 572 746 622 neque
758 561 867 625 cognitis
877 577 937 612 moa
949 579 1020 612 cau-

102 633 154 692 cis,
173 633 221 709 Cn.
238 632 348 684 Novius.
368 645 445 694 eques
462 633 608 691 Romnum,
627 629 694 680 lerro
706 633 834 684 accinctus
844 637 1019 701 reperitur¹iu

106 719 173 758 coetn
182 707 347 756 salutantium
357 706 496 771 principem
508 721 581 754 :nam
590 713 725 772 postquam
733 711 866 758 tormentit
875 708 1019 760 dilaniaba-

104 800 162 846 tur,
172 787 203 835 de
213 803 239 836 se
251 788 378 837 Novius...
392 783 506 850 conscios
517 803 568 834 uon
579 786 675 843 edidit,
690 785 814 838 incertum
826 792 1019 842 ao'oectsltans.

42 908 45 917 ,
105 859 202 914 lisdem
212 861 357 910 consulibus
364 859 393 908 P.
400 857 531 907 Dolabella
540 870 637 908 censuit
647 853 836 923 ‹ispectaculum
843 861 1019 930 gladiatorum

104 949 152 1002 per
167 951 255 984 omnes
273 949 351 983 annos
369 928 548 981 celebrandum
565 925 672 996 pecunii
687 923 789 993 eorum}
805 937 848 1000 qui
861 947 1021 1000 quaesturam

108 1012 306 1082 adipiscerentur
313 1030 338 1064 u.
348 1013 423 1080 Apud
431 1013 538 1075 niajo'rea
546 1015 647 1061 virtutis
657 1011 683 1062 id
692 1014 823 1078 premium
830 1015 927 1078 luerat,
936 1033 1024 1067 curte·

108 1082 192 1154 tisqbe
201 1089 297 1138 civium
307 1128 314 1150 ,
326 1091 348 1139 si
359 1088 433 1137 bonis
440 1087 536 1136 artibus
548 1086 654 1136 fiderent
664 1124 669 1144 ‚
679 1087 777 1137 licitum
787 1101 873 1156 petere
885 1090 1022 1158 magiatra·

107 1171 169 1210 tus:
188 1178 217 1211 ae
237 1179 269 1210 ne
292 1174 350 1211 actas
370 1160 472 1226 quidem
498 1149 713 1226 distingitebalur,
732 1163 792 1225 quin
813 1161 894 1228 primi
912 1159 1022 1224 juventi
1042 1179 1044 1188 ’

107 1236 269 1293 cousulatbrn
281 1260 309 1293 ac
324 1240 464 1294 dictaturas
478 1242 582 1292 inirent.
598 1240 647 1289 aed
659 1250 811 1304 quaestores,
824 1225 925 1308 regibus
939 1243 1023 1292 etiam

108 1328 165 1367 tum
178 1318 375 1383 imperantibus,
387 1319 496 1368 instituti
509 1315 568 1365 aunt
578 1334 584 1363 ι
594 1314 719 1384 prodier
733 1315 828 1364 curiata
844 1313 981 1374 ostenditp
991 1315 1024 1362 ab

106 1387 139 1440 1«.
155 1389 236 1439 llruto
247 1393 365 1459 repetita.
376 1391 519 1456 Manaitqoe
531 1388 678 1438 consulibua
693 1399 803 1455 potestas
813 1387 956 1453 deligendi,
969 1387 1026 1438 do·

108 1488 155 1523 uec
166 1488 224 1521 eum
234 1488 334 1540 quoque
345 1471 468 1522 honorem
478 1469 589 1536 p'opultrs
600 1466 746 1518 mandaret:
765 1470 891 1532 mestique
905 1465 1025 1531 primaint
1043 1497 1044 1524 1

108 1545 227 1596 Valerius
235 1545 344 1605 Potitus,
354 1558 379 1595 et
389 1545 506 1594 AEmilitrs
517 1541 673 1599 Mamercus,
686 1554 757 1590 sxttr
768 1558 834 1589 anuo
843 1550 901 1606 post
909 1541 1027 1605 Tarqui·
1043 1543 1044 1580 1

110 1621 168 1672 ulos
179 1631 295 1677 exactos,
307 1631 335 1668 ut
347 1634 400 1666 rem
412 1617 550 1664 militarem
563 1613 755 1658 comitarentur.
774 1615 839 1660 Dein
856 1613 1027 1678 gliscentibus
1043 1619 1044 1622 ’

110 1700 235 1765 negotiis,
246 1697 297 1749 duo
307 1695 403 1758 additi,
414 1692 458 1757 qui
468 1691 557 1738 Romae
566 1700 692 1756 curarent.
705 1688 765 1739 Mox
775 1689 920 1754 duplicatus
929 1711 1028 1744 uume-
1043 1673 1044 1744 l

110 1788 155 1824 atta
164 1805 172 1832 ‚
182 1766 344 1838 stipendiarii
353 1767 403 1831 jam
416 1763 503 1824 tulit,
515 1774 542 1811 et
550 1762 727 1812 accedentibus
738 1764 928 1828 provinciarum
940 1768 1029 1819 recti-
1043 1751 1044 1814 J

48 1888 50 1895 .
111 1843 218 1910 galibut.
231 1841 305 1906 Post,
323 1842 379 1907 lege
392 1838 484 1906 llullre,¹
496 1837 586 1903 viginti
604 1837 682 1885 creati
697 1833 839 1903 supplendo
857 1843 974 1903 senatui,
986 1841 1028 1890 cui

110 1922 206 1990 judicia
217 1921 357 1974 tradiderat
368 1937 374 1968 ι
385 1929 412 1968 et
420 1934 565 1983 quanquam
579 1916 675 1981 equitet
685 1913 776 1979 iudicia
788 1919 1030 1984 recuperarisaent.

113 2005 327 2064 quaesturstamett
338 2007 368 2042 ex
377 1991 499 2057 dignitate
506 1990 714 2052 candidatorum,
723 1985 765 2040 a'tat
773 1990 893 2040 facilitate
902 1993 1030 2043 tribuen-

113 2072 179 2122 tium
188 2067 300 2135 gratuitd
309 2064 509 2129 concedebatur,
518 2065 601 2120 donec
611 2063 734 2118 senteutii
743 2065 880 2116 Dolabellae
894 2066 968 2116 velut
981 2082 1028 2118 re-

109 2143 278 2198 mundaretur.
421 2177 424 2183 -
655 2157 658 2162 '
671 2193 674 2197 .

80 2271 100 2304 0
146 2226 246 2281 xxm.
260 2227 292 2277 Α.
307 2223 428 2290 Vitellio,
445 2222 477 2274 L.
495 2223 622 2291 Vipstano
637 2220 799 2282 consulibus,
816 2235 895 2283 quum
910 2219 943 2268 da
962 2237 1028 2287 nup-

113 2302 210 2376 plsudo
221 2313 310 2352 unates
324 2301 476 2366 agitaretur,
487 2299 662 2365 primoresque
675 2293 761 2344 Gallia
774 2309 827 2357 quaa
840 2293 960 2346 Comata
978 2311 1028 2360 ap-

112 2379 239 2450 pellatur,
257 2375 350 2427 loedere
366 2385 393 2425 et
412 2374 542 2424 civitatem
559 2373 699 2420 llomsnam
717 2365 819 2434 pridem
838 2367 968 2429 adsecuti,
990 2368 1030 2432 jue

112 2459 333 2530 adipiscendorum
347 2458 372 2506 in
391 2455 455 2507 urbe
475 2453 603 2506 bonorum
622 2458 783 2516 expeterent,
796 2447 891 2496 multus
903 2445 931 2508 ei
949 2461 1043 2513 super¹

114 2528 288 2603 sevarinsqui
304 2549 407 2589 rumor,
418 2542 444 2580 et
457 2527 549 2579 studiis
561 2524 666 2576 divertit
677 2522 745 2588 apud
755 2520 896 2587 principem
905 2522 1029 2570 certaba-

113 2621 170 2670 tur,
178 2608 396 2660 adseverantium:
411 2619 482 2652 cnon
492 2599 556 2649 adeo
565 2613 654 2664 agrem
667 2595 765 2645 ltaliam
777 2606 820 2650 ‚ut
833 2605 951 2643 senatum
964 2609 1028 2661 aup-

111 2690 228 2759 peditare
237 2688 296 2738 urbi
305 2701 357 2736 stae
368 2684 485 2747 nequiret
496 2697 502 2728 t
514 2676 642 2729 s'ttd‘eclste
651 2676 713 2724 olim
724 2671 855 2738 indigenas
872 2673 1027 2740 consangui-

111 2764 169 2816 neis
183 2762 302 2829 populis,
315 2775 363 2810 nec
371 2755 493 2826 poenitere
507 2751 602 2802 veteris
612 2747 768 2814 reipublice.
785 2746 855 2808 Quin
867 2745 952 2796 adbuc
969 2761 1028 2794 me-

111 2837 208 2888 morari
225 2833 360 2901 example,
376 2845 429 2897 qne
446 2827 533 2893 priscis
545 2824 659 2874 moribus
678 2817 711 2870 ad
728 2822 860 2869 virtutem'
873 2827 899 2867 et
919 2821 1028 2886 gloriam

110 2914 225 2967 llomana
240 2913 339 2964 indoles
346 2908 499 2979 prodiderit.
508 2905 549 2956 Ilo
562 2902 653 2972 panim
663 2939 669 2962 ,
680 2898 751 2968 qnid
761 2899 854 2949 Veneti
866 2910 892 2947 et
904 2896 1026 2946 Insubres

111 2991 211 3039 curiam
226 2986 379 3054 irruperint,
396 2984 446 3033 nisi
457 2992 539 3031 coetus
557 2979 773 3046 alienigenarum,
790 2974 860 3022 velut
873 2971 1026 3038 captivitas,

110 3059 254 3114 inferatur?
271 3075 347 3127 quem
360 3057 426 3109 ultra
441 3055 564 3106 bonorem
583 3052 691 3106 residuis
706 3049 834 3100 nobilium
845 3043 856 3095 ?
868 3057 912 3094 aut
929 3045 950 3092 si
967 3044 1024 3108 quis

111 3142 233 3212 pauperi
251 3142 325 3190 Latio
340 3149 444 3189 sanator
462 3134 551 3186 loretl
568 3133 716 3202 oppleturos
735 3127 820 3178 omnia
839 3125 931 3174 divites
950 3123 1023 3176 illos,

111 3232 221 3283 quorum
231 3211 433 3282 ari'proarique,
444 3211 576 3261 hostilium
585 3209 718 3258 nationum
729 3203 818 3264 duce,
826 3199 951 3250 exereitus
959 3205 1020 3244 nos·
1041 3257 1042 3262 p

102 3293 165 3339 'tros
180 3289 245 3340 ferro
256 3290 332 3354 rique
348 3285 500 3363 cepideri'nt,
518 3287 608 3337 divum
623 3283 719 3332 iulium
741 3269 813 3346 apud
822 3276 934 3327 Alesiam
945 3271 1021 3322 obse·
1041 3267 1042 3270 ’

111 3362 207 3415 datar.
225 3363 346 3415 Recenti.
359 3362 411 3422 luc
428 3381 435 3413 :
451 3361 515 3430 quid
535 3362 558 3414 ri
572 3357 696 3414 memoria
707 3369 797 3407 torum
814 3351 961 3416 luctiretur,
980 3341 1023 3410 qai
