2100 3709
312 48 674 102 tarracinensis-r.
891 51 942 122 bap

25 141 125 203 nibus,
143 141 261 205 dextras,
282 140 387 209 hospitii
406 130 512 209 insigne.
532 141 619 208 Legati
639 158 744 209 eorum,
757 144 782 208 ip
799 146 941 211 squalorem

24 217 235 280 maestitiamque
245 218 380 281 compositi
390 253 396 273 ,
407 233 453 282 per
462 217 587 283 principia
598 253 605 273 ,
617 230 661 282 per
671 218 850 276 contubernia,
863 220 940 271 modo

25 302 114 336 «suas
130 289 265 352 iujurias»,
280 288 357 338 urodri
378 291 533 338 coiritatnm
550 290 688 340 vicinarum
706 294 837 355 proauiae,
855 304 880 341 et
896 293 942 342 ubi

24 363 126 427 pronis
134 364 244 410 militum
257 362 360 410 autibus
372 363 570 427 accipiebantur,
585 381 599 409 o
607 364 685 427 ipsius
697 365 820 418 exercitiis
830 366 939 431 pericula

22 446 56 482 et
69 437 258 484 contumelioso
275 449 456 500 conquerentes
468 474 474 493 ‚
489 437 660 485 accendebant
670 440 777 489 animos.
789 440 841 489 Nec
852 438 940 503 procul

26 506 166 557 seditione
184 510 305 566 aberam,-
321 525 401 571 quum
411 508 572 564 Hordeonius
588 509 692 559 Flaccus
712 512 800 559 ‹aaliire
811 504 940 575 legatos»,

23 591 115 643 utque
126 581 251 630 occultior
263 581 389 645 digressus
401 593 480 642 esset,
501 592 597 630 «nocte
609 584 694 631 castris
710 584 848 633 excedere»
862 585 939 647 jubet.

24 652 100 699 Inde
113 666 188 702 atrox
201 672 303 717 rumor,
318 654 508 705 adfirmantibus
519 656 645 721 plerisque
658 656 839 715 «interfector,
850 674 878 705 ac
893 656 941 706 nisi

25 727 85 791 ipsi
96 728 267 785 consulerent,
279 728 340 790 fore,
349 739 378 776 ut
387 728 502 777 acerrimi
511 728 621 776 militum
631 740 655 776 et
663 730 791 794 praesentia
799 730 940 793 conquesti,

21 816 79 865 per
90 802 213 861 tenebras,
225 816 249 851 et
259 804 385 851 inscitiam
394 815 537 851 ceterorum
547 802 754 851 occiderentur».
768 802 940 867 Obstriugua·

24 885 77 923 tur
86 876 154 923 inter
167 892 193 925 se
205 879 281 924 tacito
292 877 383 925 foedere
394 878 514 941 legiones.
528 876 682 924 Adsciscitur
694 878 846 927 arixiliornm
858 876 940 939 miles,

22 946 119 1014 primi>
130 951 275 1015 suspectus,
286 950 417 1013 tanquam,
430 948 606 1005 circumdatis,
618 938 765 997 cohortibus
775 950 883 1014 alisqne;
894 948 940 995 im·

22 1032 111 1085 petus
124 1021 149 1067 in
159 1022 268 1086 legiones
278 1034 420 1087 pararetur,
432 1039 491 1069 mox
503 1022 591 1070 eadem
601 1019 681 1069 acrius
693 1023 797 1070 rolrcns
808 1043 814 1084 3
827 1022 939 1069 faciliore

25 1097 102 1144 iuter
114 1096 194 1143 malos
204 1113 327 1144 consensu
337 1094 369 1142 ad
379 1094 476 1142 bellurn
485 1132 491 1149 ,
501 1095 576 1158 quim
588 1096 613 1141 in
622 1110 682 1157 pace
692 1095 723 1142 ad
734 1095 904 1144 concordiam.

59 1167 119 1215 Lv.
134 1166 261 1215 interioris
274 1175 358 1215 tainen
369 1166 511 1213 Germaniae
522 1168 633 1229 legiones
648 1168 755 1214 solemni
767 1167 938 1217 Kalendarum
950 1177 954 1201 ¹

23 1240 184 1290 Junuarium
196 1250 353 1287 sacramento
364 1254 411 1303 pro
424 1236 504 1285 Galba
513 1236 620 1294 adactae,
633 1238 713 1285 auulsi
728 1239 900 1301 cunctatione,
915 1251 940 1289 et

22 1312 97 1362 raris
107 1314 249 1376 primorum
262 1310 383 1359 ordinum
397 1308 504 1356 vocibus
514 1328 520 1356 ε
532 1310 610 1355 ceteri
621 1309 720 1355 silentio
729 1312 839 1373 proximi
853 1312 940 1372 cujus-

24 1402 82 1449 que
97 1383 230 1433 andaciam
247 1393 438 1449 exspectantes:
458 1382 533 1430 insiti
547 1382 697 1429 mortalibus
712 1381 814 1443 naturis,
834 1384 941 1448 propere
999 1406 1004 1409 ·

25 1460 107 1523 sequi
119 1493 126 1515 ‚
140 1474 194 1521 qua
205 1458 275 1522 piget
287 1456 413 1505 iricboare.
427 1453 476 1502 Sed
489 1455 550 1519 ipsis
565 1454 704 1519 legionibus
715 1455 795 1502 inerat
810 1454 952 1505 diversitas.

26 1536 192 1584 animorum.
203 1532 315 1582 Primani
326 1530 598 1600 quintanqqueturbidi
611 1528 687 1589 adad,
699 1543 727 1579 ut
736 1529 837 1593 quidam
849 1546 904 1579 sara
915 1521 941 1581 iti

25 1608 123 1657 Galbae
136 1607 258 1671 imagines
268 1606 372 1666 iecerint
383 1621 389 1652 t
402 1604 588 1669 quintadecima
600 1598 808 1652 aesertadecima
819 1604 940 1669 legiones,

24 1680 99 1730 nibil
109 1679 177 1729 ultra
190 1680 320 1730 fremitum
334 1690 361 1727 et
371 1679 451 1728 mines
461 1693 526 1725 ause
532 1714 540 1738 ,
557 1676 660 1725 initium
672 1674 820 1743 erumpendi
832 1680 941 1725 eircum-

22 1755 192 1823 spectabant.
201 1754 236 1803 At
244 1756 270 1803 in
280 1754 403 1820 superiori
413 1754 525 1801 exercitu
535 1763 641 1816 ,quarta
653 1768 682 1800 ac
691 1751 893 1803 duodevicesima
903 1754 941 1802 le-

24 1833 124 1897 giones
139 1820 355 1877 iisdcrn'biberuis
374 1828 523 1886 tendentes,
541 1828 595 1892 ipso
612 1824 783 1877 Kalendarum
794 1829 941 1877 ianuarium

25 1905 92 1960 die,
107 1901 258 1968 dirumpunt
273 1902 393 1967 imagines
406 1902 493 1949 Galbae
504 1918 510 1947 ε
523 1912 611 1964 quarta
622 1900 689 1965 legio
703 1900 861 1967 promptius,
875 1900 941 1949 duo·

23 1978 82 2025 dev
87 1976 189 2025 'seesima
202 1987 364 2033 cunctanter,
375 1992 434 2023 mox
444 1989 579 2025 consensu.
592 1974 629 2024 Ac
639 1990 670 2023 ne
679 1976 843 2023 reverentiam
857 1976 952 2039 impe-¹

25 2054 65 2103 rii
88 2042 194 2099 crsuere
210 2049 377 2106 riderentur,
396 2045 497 2095 senatus
513 2046 652 2110 populique
674 2049 781 2095 Romani
799 2049 942 2097 oblitterata

25 2126 85 2192 jarer
99 2124 203 2179 nomina
220 2131 377 2170 sacramento
383 2118 562 2187 advocabant:
581 2118 652 2164 nullo
668 2119 808 2180 legatorum
822 2121 941 2169 tribuno-

25 2214 129 2249 rumve
140 2212 186 2262 pro
197 2195 277 2245 Galbi
290 2195 401 2250 nitente,
413 2188 579 2255 quibusdam,
592 2200 619 2238 ut
630 2190 654 2238 in
666 2191 776 2238 tumultu
787 2226 792 2247 ‚
804 2190 946 2241 notabilius¹

26 2272 210 2326 turbantibus.
223 2271 281 2319 Non
291 2283 374 2320 tamen
385 2268 519 2332 quisquam
530 2266 555 2314 in
564 2263 668 2313 modum
678 2263 807 2314 concionis
817 2276 942 2331 ,antsug-
974 2325 980 2330 ἱ

26 2360 109 2416 gestu
123 2346 238 2394 locutus:
249 2360 331 2409 neque
343 2343 410 2391 enim
421 2353 475 2389 erat
486 2340 568 2389 adhuc
578 2377 583 2395 ,
593 2340 636 2387 cui
648 2337 824 2404 imputaretur.
878 2348 882 2355 ·

64 2418 140 2468 Lvt.
150 2418 282 2483 Spectator
292 2414 383 2479 flagitii
393 2410 555 2461 Hordeonius
563 2413 677 2473 Flaccus,
691 2410 827 2458 consularis
835 2410 942 2473 legatus,

25 2494 136 2551 aderat,
155 2506 207 2538 non
225 2502 386 2554 compescere
403 2496 522 2545 ruentes,
535 2500 586 2531 non
599 2484 707 2532 retinere
721 2480 825 2541 dubios,
838 2498 889 2529 non
901 2496 943 2529 co*
962 2526 963 2531 ,

27 2565 134 2618 hortari
145 2563 225 2611 bonos
237 2578 328 2627 ausus5
340 2560 386 2609 sed
396 2559 492 2623 segnis,
505 2556 614 2623 pavidus
626 2592 632 2613 ‚
645 2567 671 2613 et
685 2553 800 2603 socordiai
813 2551 942 2605 innocens.

27 2642 158 2707 Quattuor
168 2637 332 2685 centuriones
342 2629 554 2680 duodevicesima
566 2630 688 2695 legionis,
702 2628 800 2697 Nouius
812 2638 945 2694 receptus,

27 2710 164 2765 Donatius
176 2710 270 2757 Valens
280 2746 287 2766 ,
297 2706 424 2757 Romilius
438 2704 590 2761 Marcellus,
609 2701 761 2769 Calpurnius
772 2704 927 2769 Repentinus
936 2718 960 2762 ,J

30 2800 119 2852 quum
125 2794 287 2848 protegerent
295 2781 382 2829 Galbae
390 2780 525 2843 imaginor,
533 2776 627 2843 impetu
636 2776 747 2827 rnilitum
755 2776 863 2841 abrepti,
872 2777 945 2825 vinc-

6 2843 22 2919 ‘3
33 2864 122 2925 tique.
133 2858 186 2906 Nec
197 2860 313 2920 cuiquam
324 2852 478 2909 ultr'aiirles,
488 2863 533 2900 ant
541 2852 662 2899 memoria
674 2850 766 2917 prioris
777 2854 925 2900 sacramenti
936 2866 943 2899 t

33 2936 97 2992 sed,
107 2932 176 2997 quod
186 2935 211 2981 in
221 2930 387 2979 seditionibus
394 2928 499 2986 accidit,
508 2926 575 2993 unde
585 2928 668 2993 plures
678 2939 747 2975 erant
754 2963 763 2987 „
771 2944 857 2977 omnes
867 2926 947 2974 inire.

35 3010 145 3064 Nocte,
156 3022 210 3069 quaa
223 3004 351 3054 kalendas
366 3003 496 3053 lanuarias
509 2993 593 3051 secuta
605 3014 654 3061 est,
671 3002 696 3049 in
713 3001 836 3050 coloniam
850 2998 946 3063 Agrip·

35 3088 177 3156 pinnensem
195 3081 312 3146 aquilifer
331 3091 425 3144 quarte
445 3078 553 3143 legionis
570 3076 683 3144 epulanti
701 3076 807 3125 Vitellio
832 3074 948 3134 nuntiat,
1011 3098 1025 3109 ·

35 3143 215 3225 uquertamet
226 3153 454 3203 duodevicesimam
463 3152 591 3217 legiones,
604 3152 720 3217 proiectis
732 3149 818 3199 Galbae
828 3148 957 3211 imagini-s

33 3240 103 3288 bns,
114 3232 141 3277 in
151 3227 250 3279 senatus
258 3241 283 3278 et
292 3227 380 3295 populi
389 3219 583 3273 Romani'verba
593 3223 685 3288 jussisse
692 3238 716 3270 n.
724 3222 947 3269 Idsacrarnentum
961 3246 967 3255 ·
989 3219 995 3230 '

34 3310 118 3363 inane
129 3305 224 3354 risum:
236 3303 373 3371 «occupari
382 3312 513 3353 nuuotem
520 3298 657 3360 fortunam,
665 3293 780 3346 extollenti
786 3294 947 3361 principem»
