2100 3709
102 89 151 141 142
418 102 443 143 c,
462 98 558 136 corn.
582 97 696 136 nsoter

99 184 183 249 sepit,
193 179 350 233 certantibus
365 180 468 246 gaudio,
481 179 526 246 qui
538 178 713 241 Artabanum,
726 175 834 245 Scythas
845 176 923 229 iuter
943 173 1028 227 educ·

102 271 173 318 tum,
188 257 222 304 ob
231 256 351 304 saevitiam
360 254 502 319 exsecuti,
518 269 592 303 come
610 252 732 304 Tiridatis
742 252 871 318 ingenium
882 253 1028 303 Romanas

100 324 147 399 iter
159 341 225 386 artes
233 330 375 395 sperabant·

132 403 217 452 XLII.
233 399 374 452 Plurimum
386 399 540 455 adunationis
551 399 713 450 Seleucenses
724 397 844 461 induere,
858 399 965 448 civitas
977 413 1027 465 po-

99 485 173 538 tent,
187 487 258 541 septa
269 475 365 529 muris,
379 489 460 539 neque
475 477 502 524 in
515 475 652 542 barbarum
665 483 801 537 corrupta,
816 471 860 520 sed
871 470 1029 522 conditoris

100 549 199 602 Seleuci
209 548 330 599 retinens.
342 547 579 615 Trecentinpibns,
590 560 634 596 aut
645 545 768 614 sapientii
780 545 886 606 delecti,
900 557 937 595 nt
949 559 1029 594 sena-

14 656 18 669 ,
100 633 142 672 tus
156 641 162 670 :
174 639 217 671 sna
225 621 326 705 Jropnlo
338 621 377 668 ris
389 638 396 668 :
408 633 435 671 et
448 625 549 687 quotics
560 621 699 672 concordes
708 633 796 687 agunt,
808 623 952 688 spernitur
963 621 1031 668 Par·

99 695 161 749 thus
171 717 178 757 3
189 695 234 744 abs
245 693 397 752 dicessere,
409 693 471 744 dum
484 697 535 747 sibi
545 698 651 762 quisque
663 705 751 744 contra
760 693 864 742 emulos
873 691 1029 743 subsidium

50 807 54 812 .
101 781 208 826 nocant,
217 769 311 816 accitus
319 768 345 815 in
355 778 465 833 partem,
478 770 611 819 adversum
622 784 710 817 omnes
719 768 831 815 valescit.
840 766 871 814 ld
880 779 977 832 nuper
986 780 1030 811 ac-

102 840 212 898 ciderat,
226 839 355 891 Artabano
370 855 507 908 regnante,
521 844 566 908 qui
579 843 681 910 plebem
694 842 848 908 primoribus
861 838 984 888 tradidit
999 852 1029 883 ex

102 930 218 962 suousu:
232 931 291 962 narn
304 917 394 980 populi
409 906 628 982 imperinmjuxta
643 916 802 978 libertatem,
815 927 967 980 paucorum
981 909 1030 958 do·

102 990 208 1040 minatio
222 991 296 1055 regite
309 991 411 1040 libidini
422 997 526 1060 propior
543 1003 591 1041 est.
605 991 680 1040 Tum·
691 989 871 1038 adventantem
882 986 1031 1036 Tiridaten
1042 1013 1043 1086 ,

101 1068 229 1117 extollunt
238 1081 354 1121 veterum
365 1085 453 1136 regum
466 1071 621 1126 honoribus,
636 1079 664 1119 et
678 1085 742 1134 quos
754 1083 841 1116 recens
853 1077 914 1114 aetas
927 1060 1029 1129 largiris
1042 1087 1043 1122 r

101 1139 202 1190 invenit
210 1160 216 1189 :
224 1143 301 1190 simul
310 1146 403 1210 probra
414 1147 439 1193 in
446 1147 603 1194 Artabanum
616 1143 764 1204 fundebant,
774 1139 910 1191 «materni
923 1136 1029 1204 origine

102 1210 257 1279 Arsaciden,
273 1227 358 1267 cetera
371 1219 522 1285 degenerem
531 1237 556 1270 a.
569 1210 696 1272 Tiridates
708 1233 762 1266 rem
774 1216 959 1265 Seleucensem
973 1225 1026 1278 po·

103 1289 166 1353 pulo
178 1292 312 1354 permittit.
325 1294 386 1341 Mox
395 1295 558 1358 consultans,
573 1309 704 1358 «quonam
717 1289 757 1339 die
769 1289 881 1338 solennia
890 1289 972 1353 regni
984 1301 1027 1332 ca-

103 1375 240 1427 pesseret»
247 1401 255 1426 ,
265 1365 363 1414 litteras
371 1366 487 1417 Phraatis
495 1369 663 1426 ctHiercnis‚
675 1365 720 1431 qni
731 1361 898 1412 validissimas
907 1359 1026 1427 praelec-
1042 1407 1043 1412 ,

100 1445 174 1484 turae
183 1437 345 1501 obtinebant,
356 1442 463 1508 accipit,
473 1441 575 1494 brevem
585 1458 689 1492 moram
697 1436 862 1503 precantium.
871 1432 1023 1482 Placitum·
1042 1421 1043 1490 i

103 1527 168 1575 ιΙΝ,
179 1519 301 1582 θρροήνὶ
310 1521 385 1568 viros
393 1517 583 1587 praepollentis
593 1533 602 1568 .·
612 1528 687 1578 atque
700 1513 804 1564 interim
816 1507 978 1574 Ctesiphon,
989 1519 1023 1554 tc·
1042 1491 1043 1548 i

105 1584 151 1636 des
159 1587 276 1652 imperii,
291 1593 386 1653 petita:
399 1591 443 1636 sed
453 1591 498 1640 nbi
510 1589 577 1636 diem
589 1603 618 1634 ex
630 1587 673 1632 die
682 1585 857 1647 prolatabant‚
869 1584 964 1632 multis
979 1595 1024 1627 co·
1042 1577 1043 1636 3

98 1675 174 1716 ram,
187 1671 214 1706 et
222 1659 444 1724 adprobantibus,
456 1660 566 1724 Surena,
581 1657 665 1723 patrio
678 1669 765 1714 more,
780 1655 912 1706 Tiridaten
925 1651 1022 1720 insigni
1042 1647 1043 1716 i

103 1735 175 1798 regio
187 1734 295 1790 erinrit.
1042 1719 1043 1780 l

134 1801 229 1854 XLIII·
246 1804 285 1855 Ao
299 1754 420 1852 thatim
435 1803 565 1863 interiora,
578 1815 723 1868 ceterasque
735 1804 851 1853 nationes
863 1805 1020 1872 petivisset,
1042 1803 1043 1806 ’

95 1893 223 1943 ,ρρρτεωε
238 1879 412 1924 cunctantium
427 1874 568 1935 dubitatio,
581 1887 607 1924 et
624 1892 715 1927 omnes
728 1879 754 1928 in
773 1895 854 1928 uuum
874 1877 1021 1937 cedebant,

102 1949 243 1999 n'dsideudo
258 1949 405 2005 castellum,
424 1950 451 1995 iu
468 1947 539 2012 qnod
555 1951 690 2017 pecuniam
708 1964 734 2002 et
750 1953 855 2020 pellices
871 1951 1022 2002 Artabanus
1042 1993 1043 1996 ,

97 2022 253 2080 {contulerat
260 2020 333 2068 dedit
341 2020 453 2087 spatium
460 2024 582 2073 exsuendi
591 2035 673 2090 pacta.
683 2025 916 2081 NamPhrantea,et
925 2025 1019 2080 lhero,

98 2107 129 2150 nt
139 2094 160 2141 si
170 2093 214 2155 qui
223 2093 266 2141 alii
278 2092 404 2147 delectum
413 2096 537 2163 capiendo
547 2097 685 2148 diademati
694 2099 762 2150 diem
773 2099 843 2154 haud
853 2099 1021 2148 concelebra·

102 2177 207 2228 nerant,
218 2184 276 2233 pars
285 2181 372 2231 metu,
384 2171 487 2236 quidam
502 2172 597 2224 invidit
609 2174 633 2222 in
645 2173 794 2242 Abdagesen
803 2174 865 2237 ,qui
877 2186 935 2222 tum·
944 2169 1021 2227 auli.
1042 2209 1043 2246 ,

102 2252 130 2296 et
140 2256 209 2291 noro
218 2257 276 2308 rege
286 2246 446 2309 potiebatur,
456 2246 488 2295 ad
499 2247 656 2297 Artabanum
669 2248 775 2296 vestire.
792 2245 866 2309 isque
877 2249 903 2296 in
916 2245 1018 2314 Hyrca·
1042 2253 1043 2282 i

99 2317 142 2364 sris
153 2329 267 2379 repertus
277 2329 329 2380 est,
344 2320 433 2369 illuvie
445 2321 558 2387 obsitus,
572 2313 605 2368 et'
611 2320 729 2370 alimenta
741 2334 801 2366 arcu
815 2321 972 2386 expediens:
986 2317 1019 2367 ac
1042 2333 1043 2336 ’

100 2387 196 2456 primd,
206 2401 326 2456 tanquam
333 2392 408 2444 dolus
414 2406 555 2462 pararetur,
565 2395 677 2459 territus,
687 2391 795 2443 nitidata
801 2391 863 2443 fides
872 2395 1016 2446 reddendos

100 2465 288 2522 decimationi
298 2472 410 2528 venisse,
418 2470 548 2520 adlevatur
558 2469 684 2524 animum,
695 2477 721 2515 et
733 2481 795 2535 ques
806 2472 947 2532 repentina
958 2487 1017 2520 mn·

102 2537 329 2606 dalio?etqstirit.'
339 2543 407 2592 Tum
418 2544 649 2612 Hieropuerits'am
663 2539 793 2595 Tiridatis
804 2541 930 2609 increpat,
945 2560 961 2591 (a
969 2559 1016 2592 ne-

99 2621 152 2672 que
161 2629 238 2676 penes
248 2614 388 2665 Arsaciden
400 2618 551 2679 imperium,
562 2613 606 2673 sed
618 2613 690 2662 ittatte
699 2624 793 2659 nomen
804 2613 872 2681 apud
883 2610 1019 2665 imbellem

103 2685 209 2736 externi
224 2687 348 2745 mollitii,
361 2689 415 2735 rim
426 2683 453 2734 in
464 2684 605 2748 abraaeos
618 2682 725 2734 domun.
786 2729 788 2733 ,

134 2753 233 2811 XLIV.
246 2759 329 2808 Sensit
334 2771 405 2809 vetus
413 2757 547 2821 regnandi.
557 2756 632 2806 falsos
642 2755 668 2807 iu
677 2769 773 2814 amore,
780 2754 895 2808 odianou
903 2759 996 2826 lingere
1006 2779 1012 2810 s

100 2825 225 2880 saecului
238 2844 364 2888 moratus,
375 2828 451 2894 quim
462 2829 523 2881 dum
532 2826 681 2896 Scytharum
691 2829 785 2878 auxilia
795 2830 920 2894 conciret,
930 2837 1011 2900 pergit

103 2914 241 2973 properus.
255 2914 280 2953 et
291 2904 445 2971 preveniens
460 2905 621 2956 inimicorum
636 2915 720 2967 astus,
732 2905 873 2957 amicornm
888 2909 1023 2976 paenitens

105 2973 187 3022 tiamt
201 2991 281 3040 neque
294 2989 411 3031 ,creuerat
419 2977 563 3044 paedorem,
578 2989 607 3033 ut
623 2979 728 3046 vulgum
744 2983 906 3032 miseratione
919 2984 1009 3034 adver-

108 3058 175 3096 teret
186 3064 192 3094 :
202 3066 254 3098 uon
266 3053 348 3111 fraus,
359 3069 410 3101 nnn
421 3070 507 3120 preces
514 3091 523 3120 ,
534 3053 599 3109 nihil
607 3057 730 3104 omissum
741 3094 748 3119 ,
758 3055 808 3122 qud
819 3057 950 3121 ambiguos
959 3059 1009 3108 illi-

108 3123 191 3171 caret,
204 3120 316 3185 prompti
329 3119 498 3175 firmarentur.
513 3123 620 3188 lamque
630 3122 711 3178 multi
725 3138 802 3177 mann
812 3125 951 3190 propinqua
965 3127 1009 3174 Se-
1042 3131 1043 3134 ’

108 3186 195 3236 leucius
216 3189 388 3257 adrentab'at3
408 3211 486 3260 quum
504 3188 649 3258 Tiridates,
668 3198 744 3248 simul
763 3197 844 3256 lumi,
863 3209 937 3262 atque
957 3195 1006 3265 ipro
1042 3219 1043 3242 r

77 3279 81 3284 ·
107 3255 237 3310 Artabano
252 3268 395 3331 perculsus,
416 3270 523 3322 distrahi
542 3273 669 3330 consiliis,
686 3273 735 3334 iret
751 3270 854 3330 contri,
868 3288 898 3318 nn
916 3272 1005 3321 bellum

106 3335 269 3396 eructatione
277 3352 404 3397 tractaret·
413 3345 513 3412 Quibus
518 3347 784 3422 pretinuctlestinati
791 3345 1003 3418 castrsplacehant,
