2100 3709
106 156 111 165 Ι
400 99 582 162 acaronis.
651 138 681 181 χ
897 84 947 157 593

23 187 87 237 nisi
99 185 244 244 Panlllnus,
255 201 286 235 eo
298 186 401 249 cognito
412 187 547 249 provincie
560 194 647 241 motu,
658 181 763 249 properi
775 181 947 240 subvenisset,

27 264 129 311 amissa
136 260 265 309 Britannia
276 257 355 306 soret:
366 274 441 321 quam
450 259 524 306 unius
535 259 613 323 praelii
621 256 720 306 fortuna
733 256 810 305 veteri
821 254 948 319 patientiis

26 335 165 389 restituit,
174 332 319 401 tenentibus
326 347 393 377 arma
402 330 542 395 plerisque,
551 347 614 394 quos
622 330 777 379 conscientia
784 326 931 375 delectionis
940 357 946 379 ,

31 418 62 456 et
76 403 182 472 propius
197 421 227 453 ex
239 404 416 467 legatogtiuror
431 403 551 466 agitabat.
565 402 613 451 Hio
626 420 705 466 quum
714 400 835 475 ¹egregius
848 412 947 452 cetera,

32 490 187 545 arroganter
196 478 224 525 in
235 476 350 533 deditos,
360 487 385 523 ct
393 486 422 523 ut
430 492 479 523 sua
489 492 589 543 quoque
598 476 692 541 injuriae
704 478 779 533 ultor,
788 471 875 522 duritia
885 474 949 521 oon-

34 553 152 609 suleret,
163 549 255 598 missus
271 548 405 595 Petronius
417 549 594 614 Turpilianus,
610 558 730 614 tanquam
742 547 892 597 exorabilior
906 564 911 591 ε
924 556 951 592 et

37 624 142 685 delictis
151 621 263 670 bostium
272 611 366 682 novus,
374 619 453 685 eoque
462 624 613 686 poenitentia
622 624 718 683 mitior,
730 620 875 685 compositis
884 618 950 683 prio-

32 695 196 753 ribusfnihil
209 692 276 742 ultrei
286 708 377 752 ausus,
389 692 518 744 Trebellio
535 698 649 745 Maximo
661 695 820 761 provinciam
834 690 949 740 tradidit.

33 767 186 816 Trebellius
200 768 316 831 segnior,
334 778 360 813 st
374 767 451 818 nullis
462 780 602 818 castrorum
617 767 814 833 experimentis,
830 764 950 813 comitate
998 782 1000 785 ’

33 840 150 905 quidam
168 836 272 890 curandi
284 840 440 903 provinciam
452 841 541 889 tenuit.
555 841 671 911 Didiodre
684 839 733 903 jam
742 838 841 887 barbari
850 851 951 901 quoqne
984 894 995 904 ῃ

34 915 172 979 ignoscere
185 912 256 960 vitiis
264 911 470 972 blandientibus:
485 926 512 965 et
524 914 682 963 interventus
694 913 808 962 civilium
820 926 948 959 erutorum

34 985 149 1053 prebuit
158 984 249 1046 justam
259 984 369 1048 segnitiae
378 986 569 1034 excusationem
581 1004 586 1034 :
598 984 643 1033 sed
655 984 780 1034 discordiis
795 984 952 1039 laboratum,

2 1117 6 1123 .
36 1074 121 1123 quum
133 1057 251 1105 adsuetus
266 1056 471 1122 expeditionibus
483 1060 558 1107 miles
573 1059 627 1109 otio
644 1059 781 1108 lasciviret.
794 1058 953 1119 Trebellius,

35 1130 100 1194 lugd
110 1146 140 1179 ac
150 1130 252 1178 latebris
260 1127 338 1178 vitati
347 1128 473 1177 exercitis
481 1131 517 1179 ira
525 1166 533 1189 ,
544 1132 677 1181 indecorus
684 1142 759 1195 atque
769 1130 885 1187 humilis,
895 1146 952 1195 pre·

37 1204 110 1251 cario
118 1198 177 1251 mos
185 1200 950 1268 praeluit5aovelutpacti‚exercituslicentism‚duxsaluteur:

36 1275 94 1323 haec
105 1276 197 1325 seditio
209 1277 262 1323 sine
274 1275 396 1338 sanguine
407 1276 488 1322 stetit.
500 1275 554 1323 Neo
565 1276 669 1325 Vettius
681 1276 807 1334 Bolanus,
823 1278 952 1326 inruenti-

37 1349 91 1396 bus
102 1346 186 1395 adhuc
197 1347 315 1395 civilibus
325 1346 415 1403 bellis,
425 1347 530 1409 agitavit
541 1346 697 1395 Britanniam
707 1347 837 1413 disciplini
848 1349 952 1397 :eadem

37 1414 134 1470 inertia
145 1419 312 1485 ergalroates,
324 1418 413 1464 similis
422 1418 562 1481 petulantia
571 1429 712 1467 castrorum
724 1436 729 1467 :
740 1422 789 1469 nisi
798 1420 867 1483 quod
877 1423 953 1469 inno·
1018 1434 1020 1439 ’

38 1510 101 1543 cens
109 1494 238 1554 Bolanus,
252 1483 364 1553 etnullis
375 1489 474 1540 deliciis
486 1491 597 1552 inrisus,
613 1492 744 1542 caritatem
755 1507 884 1559 pararerat
897 1496 953 1542 loco
995 1522 997 1529 ·

37 1556 209 1618 auctoritatis.
838 1628 840 1633 Α

75 1642 161 1692 xvir.
174 1639 223 1688 Sed
230 1638 344 1703 ubi-cnm
353 1650 440 1695 cetero
452 1641 514 1691 orbe
524 1642 694 1709 Vespasianus
709 1640 899 1691 etBritauuiarn
911 1654 953 1689 re-
976 1636 979 1643 ’

39 1713 179 1778 ciperavit,
192 1711 375 1776 magnimos,
388 1715 482 1779 egregii
494 1717 634 1775 exercitus,
646 1719 743 1765 minuta
756 1714 867 1765 hostium
879 1730 934 1779 spes
946 1731 952 1760 ι

40 1798 70 1835 et
80 1798 206 1834 terrorem
215 1786 300 1834 statim
310 1787 397 1834 intulit
405 1788 511 1841 Petilius
523 1788 643 1855 Cerialis,
654 1790 801 1855 Brigantum
811 1791 937 1839 civitatem
946 1825 953 1852 ,

39 1875 99 1924 quas
114 1860 298 1908 numerossima
306 1862 441 1925 provinciae
457 1863 535 1911 totius
545 1862 700 1931 perhibetur,
712 1862 845 1927 adgressus
856 1880 862 1912 :
873 1862 953 1910 multa
1023 1901 1025 1912 i

39 1932 142 1999 prelia,
155 1943 180 1980 st
191 1932 325 1995 aliquando
337 1950 388 1983 non
400 1936 548 1983 incruenta:
560 1952 725 2001 magnamque
736 1936 882 2001 Brigantum
893 1950 953 1999 por-

41 2017 99 2056 tem
115 2016 159 2052 aut
169 2006 276 2054 vicunt
287 2008 433 2071 amplexus,
445 2021 488 2056 aut
501 2009 580 2058 bello.
594 2009 627 2058 Et
642 2026 721 2073 quum
736 2010 839 2059 Cerialis
850 2008 952 2073 quidem

43 2079 154 2127 alterius
165 2080 314 2126 successoris
324 2095 412 2128 curam
421 2079 564 2144 [auramque
576 2082 716 2142 obruisset,
727 2084 845 2131 sustinuit
854 2097 954 2145 quoquc
972 2106 985 2125 .-

42 2149 381 2216 molemluliusFrontinus,
390 2152 428 2201 vir
435 2167 550 2216 maguus,
558 2152 786 2219 quantumlioebst‚
795 2152 955 2215 validamque

42 2236 73 2273 et
81 2229 222 2289 pugnacem
231 2224 344 2285 Silurum
351 2238 453 2289 gentem
459 2227 540 2274 armis
549 2226 662 2291 subegit5
675 2226 882 2291 snper'virtulem
892 2225 966 2275 bos-v
993 2252 998 2269 i

42 2294 112 2351 tium
121 2335 128 2356 ,
137 2300 253 2347 locorum
263 2300 363 2363 quoque
374 2300 533 2351 difficultates
544 2302 678 2350 eluctatus.
831 2342 835 2347 .

78 2370 179 2422 XVIII.
189 2373 264 2420 Hunc
274 2370 412 2423 Britannia
420 2386 530 2431 statum,
544 2374 589 2423 has
599 2371 725 2423 bellorum
737 2374 803 2422 vices
812 2372 894 2421 medii
903 2371 959 2435 jour

45 2456 133 2496 aestate
144 2456 302 2508 trangressus
312 2445 429 2507 Agricola
438 2447 545 2506 invenit,
554 2462 633 2515 quunp
641 2456 666 2493 et
673 2446 776 2502 milites,
786 2445 854 2491 velut
863 2447 954 2493 omissi

23 2545 27 2549 ·
43 2514 217 2579 expeditione,
226 2516 258 2564 ad
267 2518 467 2575 securitatem‚et
476 2517 563 2566 hostes
573 2518 604 2565 ad
614 2516 773 2566 occasionem
785 2528 953 2567 verterentur.

45 2585 205 2639 Ordovicum
215 2590 318 2645 civitas,
328 2588 395 2636 baud
403 2588 485 2637 multo
494 2602 552 2636 ante
563 2588 702 2638 adventum
709 2588 776 2651 eius,
786 2589 851 2637 alam
861 2591 886 2641 iu
893 2590 953 2637 fini-

2 2727 3 2730 *
44 2666 95 2716 bus
104 2665 282 2729 suisagentem
293 2663 370 2729 propi
382 2665 525 2713 universam
536 2666 675 2725 obtriverat
687 2682 692 2712 :
704 2680 782 2728 eoque
792 2665 864 2712 initio
872 2676 955 2713 crecta

43 2740 191 2807 provincia,
204 2749 232 2785 nt
244 2738 335 2801 quibus
344 2738 439 2787 bellum
449 2736 664 2795 volentibus'erat,
678 2740 783 2805 probare
795 2740 954 2807 exemplum,

44 2827 91 2864 aut
102 2814 209 2862 recentis
226 2813 301 2877 legati
314 2815 428 2862 animum
444 2815 565 2879 opperiri.
580 2814 646 2864 Tum
661 2816 796 2879 Agricola,
810 2832 954 2881 quanquam

45 2898 173 2941 transacta
183 2898 272 2944 aestas,
282 2889 364 2951 sparsi
374 2904 420 2951 per
432 2887 590 2952 provinciam
600 2889 711 2945 numeri,
724 2900 873 2955 presumpta
888 2890 956 2955 apud

45 2961 159 3009 militem
169 2959 237 3007 illius
247 2961 306 3007 anni
316 2963 397 3023 quies,
408 2960 478 3008 tarda
487 2973 513 3009 et
520 2964 647 3011 contraria
656 2962 751 3041 bellvg'm
762 2964 920 3025 inchoaturo,
932 2978 957 3011 et

46 3032 177 3099 plerisque
193 3030 314 3080 custodiri
327 3045 442 3098 suspecta
453 3032 539 3098 potius
552 3034 694 3100 videbatur,
706 3037 741 3085 ire
754 3037 854 3084 obviarn
867 3030 956 3082 discriss

47 3106 113 3154 suini
123 3104 229 3152 statuit:
241 3107 425 3170 contractisque
433 3108 563 3172 legionum
572 3111 686 3164 vexillis,
701 3122 727 3159 et
736 3108 835 3157 modici
847 3109 955 3156 aurilio-

47 3194 108 3229 rum
117 3194 208 3233 manu,
221 3179 278 3240 quia
287 3178 311 3225 in
322 3194 418 3240 aequum
429 3178 532 3244 degredi
545 3181 684 3229 Ordovices
692 3199 743 3230 non
755 3180 891 3235 audebant,
904 3182 957 3245 ipse

48 3264 108 3301 ente
119 3265 221 3314 agmen,
236 3252 286 3313 quo
298 3253 387 3299 ceteris
404 3269 448 3316 par
459 3255 558 3300 animus
571 3254 647 3301 simili
658 3254 771 3315 periculo
783 3262 861 3307 esset,
877 3256 956 3303 erexit

48 3324 149 3389 scienti
164 3320 275 3387 serique
288 3320 368 3389 prope
383 3322 501 3376 sinuessa
516 3335 608 3390 geute,
625 3340 676 3373 non
692 3326 794 3409 ignarus
810 3322 955 3374 instandum

737 3394 794 3445 tto
