2100 3709
102 33 153 89 &ii
396 36 448 79 'foi
463 40 558 77 οιιιιι.
578 38 692 77 uectus

133 120 260 177 xxxllt
280 115 424 171 Accedebat
438 121 568 171 sententiae
579 119 688 168 Paullini
703 116 927 169 MariusCelsuea
944 122 1021 173 idern

100 200 212 271 placere
229 191 326 249 Annio
345 194 449 250 Gallo
466 206 560 259 paucos
576 204 634 241 ante
650 192 704 241 dies
721 193 791 257 lapsu
809 196 868 255 equi
886 193 1019 253 adflicto,

102 272 184 330 missi,
192 287 236 334 qui
228 267 414 317 ''contilium
393 284 446 331 etus
455 269 654 328 sciscitaremur,
665 266 811 315 retulerant
826 264 897 317 Otho
915 283 1020 332 prunus

104 344 138 395 ad
158 341 364 394 decertandum·
386 338 502 389 frater
482 356 536 402 elus
552 340 684 395 Titianus,
703 348 728 386 et
745 337 875 403 praelectus
893 342 1018 405 praetorii

102 416 242 476 Proculus,
252 413 378 481 imperitid
387 425 564 480 properantes,
575 430 590 461 u
598 412 742 471 fortunam,
753 423 779 461 et
788 410 863 471 deos,
873 424 900 463 ct
914 430 1019 463 numer

104 489 212 539 Othonis
224 488 310 539 adesse
320 488 433 537 consiliis
443 486 531 543 ‚affore
542 486 693 536 conatibutu
704 486 861 535 testabantur
872 502 878 533 ι
889 500 949 534 neu
963 487 1022 550 quis

103 562 205 612 ebriam
213 562 250 611 ire
260 562 388 611 sententiae
399 559 519 617 auderet,
527 560 553 607 in
562 558 733 607 adulationem
743 568 935 606 concesserant.
945 557 1021 607 Post·

103 651 181 699 quarn
189 634 297 701 pugnari
310 634 447 709 placitum,
460 631 604 679 «interesse
614 645 701 696 pugne
713 630 911 694 imperatorem,
925 643 964 677 an
981 642 1024 677 ee-

102 721 165 773 pont
177 705 268 755 melius
282 701 366 763 soret,
383 703 541 753 dubitavere.
558 702 673 752 Paullinc
689 712 715 750 et
730 702 822 751 Celso
818 718 869 763 qam
887 718 949 751 non
972 703 1021 751 ad·

104 780 280 836 versantibus,
291 796 324 826 ne
335 778 475 843 principem
490 774 617 838 obiectare
631 773 749 839 periculis
759 773 933 835 viderentur,
946 775 1024 823 iidem

104 853 142 900 illi
157 851 289 901 deterioris
301 852 401 899 consilii
415 861 529 898 auctores
538 848 686 913 per,pulere
704 858 754 895 unt
765 847 911 897 Brixellum
925 864 1024 897 conce·

105 925 193 986 deret,
203 942 231 973 ac
248 924 482 991 dubuspraeliorum
495 933 642 987 exemptus
655 936 760 969 summae
770 936 854 969 rerum
865 932 893 969 et
919 922 1024 987 imperii

104 1014 133 1049 ec
142 999 223 1064 ipsunt
234 1009 372 1045 reservaret
380 1013 407 1048 ιι.
422 996 446 1044 ls
457 997 552 1063 plimus
567 994 619 1043 dice
627 992 782 1041 Othonianas
795 1004 878 1059 partes
889 992 1023 1044 aduixit:

103 1067 705 1137 namqueetcumipsopraetoriaruracohortium,
709 1062 941 1133 ιιιριιιιιιιόιιιιιι,
950 1068 1024 1132 equi·

104 1154 220 1208 tumque,
231 1143 313 1192 valida
322 1160 415 1195 manus
419 1144 547 1209 discessit5
557 1154 582 1191 et
591 1143 778 1190 remanentium
784 1140 882 1188 fractus
892 1142 1020 1188 arsimus:

105 1219 208 1283 quando
218 1235 328 1285 suspects
320 1218 427 1278 ducet,
438 1232 463 1267 et
470 1219 554 1282 Otho,
564 1216 606 1265 cui
616 1233 660 1265 ιιιιι
653 1214 736 1281 apud
743 1216 849 1264 militem
860 1212 927 1261 fides
939 1250 947 1273 ,
958 1214 1019 1261 dum

106 1294 198 1359 etipse
209 1312 261 1345 non
273 1294 321 1343 uiti
333 1287 457 1343 militibus
466 1290 561 1353 credit,
574 1290 680 1355 imperia
692 1290 786 1337 ducum
797 1288 824 1335 ιιι
836 1288 942 1335 incerto
959 1288 1019 1336 reli·

108 1380 206 1432 querat.

106 1492 109 1499 ,
140 1440 267 1491 XXXIV.
278 1440 350 1492 Nihil
361 1456 448 1488 eorum
457 1440 610 1489 vitellianos
620 1438 722 1488 saliebat
732 1472 739 1494 ,
749 1434 844 1485 crebris
853 1470 860 1491 ,
868 1446 898 1483 ut
912 1436 941 1483 iu
955 1435 1020 1483 cirili

106 1510 191 1571 bello,
210 1514 368 1579 narrrlugiis5
384 1523 410 1558 et
423 1511 596 1576 exploratores
608 1510 667 1559 curi
684 1510 781 1557 diversa
798 1506 966 1569 sciscitandi,
981 1524 1020 1555 tua

108 1600 162 1633 nou
176 1587 346 1635 occultabant.
366 1583 452 1643 Quieti
468 1584 607 1646 intentique
625 1585 721 1633 Caecina
741 1598 769 1630 ac
785 1582 894 1643 Valens,
918 1582 1021 1646 qnando

108 1654 192 1706 bostis
212 1656 383 1723 imprudentisl
406 1664 507 1715 rueret,
525 1655 592 1718 quod
614 1656 670 1705 loco
689 1655 816 1721 sapientire
833 1666 886 1711 est,
909 1655 1021 1704 alienam

109 1729 244 1783 stultitiam
257 1728 465 1792 opperiebantur,
484 1727 603 1775 inchoato
616 1731 694 1790 ponte‘
709 1726 844 1775 transitum
856 1725 920 1774 Padi
936 1730 1021 1777 eimu-

109 1800 190 1847 lantes
197 1801 331 1861 ,adsersus
345 1800 487 1861 oppositam
502 1800 672 1879 gladiatorum
684 1814 806 1856 manum,
818 1804 890 1847 acue
904 1800 1021 1865 ipsorum

111 1870 185 1920 miles
201 1886 276 1935 segne
293 1872 374 1915 otium
391 1878 494 1914 tereret.
509 1866 595 1914 Nares
610 1869 664 1931 pari
683 1868 749 1917 inter
767 1886 793 1917 ee
812 1871 912 1933 spatio,
929 1873 1021 1923 validis

110 1942 239 2005 utrimque
257 1940 367 1991 trabibue
383 1954 515 2003 connexe,
535 1939 691 1989 adversum*
687 1960 711 1990 ιιι
727 1944 821 1991 flumen
842 1944 1020 2010 dirigebantur

108 2008 182 2074 jactis
191 2031 266 2079 super
281 2014 392 2073 ancoris,
409 2030 463 2077 quae
473 2014 617 2062 firmitatem
631 2018 716 2079 pontis
728 2019 897 2068 continerent.
910 2018 962 2067 Sed
972 2036 1019 2069 art-

110 2086 611 2136 corrrumluocsuoncxtcntilluitab'ant
617 2091 945 2154 ,utaugeseentciluusine,
955 2092 1019 2141 inol-

86 2213 89 2216 ,
110 2160 196 2213 seusus
214 2161 278 2209 ordo
296 2162 399 2209 riarium
416 2160 586 2210 attolleretur.
613 2160 749 2211 Claudebat
774 2174 880 2229 pontem
898 2165 1017 2232 imposita

110 2233 204 2289 turris,
216 2246 242 2282 et
251 2236 275 2281 ιιι
287 2245 427 2281 extremam
438 2250 529 2281 narem
541 2232 631 2281 educta
641 2250 647 2281 t
659 2233 725 2283 uude
736 2236 868 2285 tormentit
876 2250 908 2285 ac
918 2238 1016 2297 machi,
1036 2236 1037 2241 ¹

109 2306 151 2356 nie
162 2305 247 2355 hostes
257 2306 474 2375 propulsarentur.

143 2379 255 2429 XXXV.
270 2378 425 2428 Othoniani
419 2396 445 2427 in
457 2379 524 2456 ripa·
527 2377 618 2429 turrim
631 2390 774 2429 struxerant
781 2396 907 2445 ,saxaque
917 2394 944 2431 et
954 2382 1020 2434 lacet

111 2456 296 2526 jaculabantur.
306 2456 341 2523 Et
349 2466 403 2505 crat
411 2454 493 2503 insula
502 2470 575 2503 amne
587 2452 702 2513 medio,
696 2472 726 2501 in
732 2471 806 2518 quarn
816 2454 971 2520 gladiatores
980 2476 1021 2509 uu·

112 2531 187 2582 vibus
196 2531 345 2587 molientes,
356 2527 478 2577 Germani
488 2527 574 2575 nando
591 2528 799 2593 praelahebantur.
811 2530 848 2577 Ac
861 2528 928 2579 torte
937 2534 1019 2596 plures

113 2618 297 2668 transgressor,
308 2602 442 2669 completis
457 2602 590 2651 liburnicis
600 2618 660 2667 ,per
676 2602 879 2669 promptissimos
891 2604 1018 2669 gladiato·

112 2692 172 2725 rum
181 2676 264 2723 Macer
273 2674 427 2737 aggreditur·
439 2665 488 2722 Sed
498 2690 578 2739 neque
593 2690 622 2722 ea
638 2678 779 2725 constantia
790 2674 978 2739 gladiatoribus
990 2677 1017 2727 ad

113 2749 214 2815 praelia,
230 2763 284 2812 quae
302 2747 439 2806 militibus,
456 2762 502 2796 uec
518 2747 625 2813 perinde
639 2759 756 2797 nutantes
771 2748 784 2797 ὲ
801 2748 926 2809 neribus,
944 2751 1016 2816 quint

115 2820 199 2871 stabili
207 2820 288 2886 gradu
297 2820 310 2868 ὲ
318 2819 389 2886 sipi,
403 2820 505 2868 vulnera
515 2820 666 2885 dirigebant.
677 2821 795 2887 thuum
804 2821 879 2871 vinis
887 2825 1016 2889 trepidan-
1036 2882 1037 2887 ,

115 2893 180 2943 tium
190 2892 412 2950 inclinationibus,
428 2893 502 2942 mixti
513 2895 622 2959 remiges
633 2905 881 2961 propugnatoresque
892 2897 1018 2947 turbaren-

116 2978 172 3025 tur,
183 2964 282 3014 desilire
296 2966 321 3012 in
337 2963 402 3013 rada
413 2964 482 3013 ultro
492 2962 765 3025 Ges·snain‚seiensare
777 2978 890 3033 puppes.
899 2970 1018 3019 accudere

115 3029 206 3103 loros,
218 3049 261 3089 aut
279 3038 405 3089 corninus
414 3056 552 3105 mergere:
571 3058 625 3104 quae
642 3054 733 3092 cuncta
751 3044 777 3091 in
791 3042 870 3090 oculis
889 3041 1016 3108 uniusque

117 3113 254 3173 exercitus,
273 3113 368 3185 quantd
391 3111 486 3164 lae'tiora
509 3114 669 3177 Vitellianis,
694 3114 792 3165 tantb
783 3111 866 3165 scriba
878 3112 1015 3205 Otbouiqni

117 3203 216 3237 musam
227 3199 407 3251 auctoremque
417 3186 497 3235 cladis
511 3186 711 3238 detestabantur.

153 3260 276 3323 mvl.
283 3260 554 3330 Eiprelrumqusdens,
563 3261 677 3333 abruptis
685 3278 738 3331 qua
745 3262 1009 3331 superintendis,
