<?xml version="1.0" encoding="UTF-8"?>
<!DOCTYPE html PUBLIC "-//W3C//DTD XHTML 1.0 Transitional//EN"
    "http://www.w3.org/TR/xhtml1/DTD/xhtml1-transitional.dtd">
<html xmlns="http://www.w3.org/1999/xhtml" xml:lang="en" lang="en">
 <head>
  <title>
</title>
<meta http-equiv="Content-Type" content="text/html;charset=utf-8" />
  <meta name='ocr-system' content='tesseract 3.04.00' />
  <meta name='ocr-capabilities' content='ocr_page ocr_carea ocr_par ocr_line ocrx_word'/>
</head>
<body>
  <div class='ocr_page' id='page_1' title='image "./ccorntacitioper00brotgoog_0393.png"; bbox 0 0 2100 3709; ppageno 0'>
   <div class='ocr_carea' id='block_1_1' title="bbox 70 4 667 82">
    <p class='ocr_par' dir='ltr' id='par_1_1' title="bbox 70 4 667 82">
     <span class='ocr_line' id='line_1_1' title="bbox 70 4 667 82; baseline -0.017 -18"><span class='ocrx_word' id='word_1_1' title='bbox 70 14 122 82; x_wconf 68' lang='grc' dir='ltr'>ὅρα</span> <span class='ocrx_word' id='word_1_2' title='bbox 341 4 350 11; x_wconf 78' lang='grc'><strong>”</strong></span> <span class='ocrx_word' id='word_1_3' title='bbox 388 15 528 57; x_wconf 57' lang='lat' dir='ltr'>escort.</span> <span class='ocrx_word' id='word_1_4' title='bbox 546 15 667 58; x_wconf 75' lang='lat' dir='ltr'>nactur</span> 
     </span>
    </p>
   </div>
   <div class='ocr_carea' id='block_1_2' title="bbox 74 100 1002 617">
    <p class='ocr_par' dir='ltr' id='par_1_2' title="bbox 74 100 1002 617">
     <span class='ocr_line' id='line_1_2' title="bbox 104 100 1002 169; baseline -0.011 -13"><span class='ocrx_word' id='word_1_5' title='bbox 104 102 231 156; x_wconf 76' lang='lat' dir='ltr'>xxxvi.</span> <span class='ocrx_word' id='word_1_6' title='bbox 241 103 278 154; x_wconf 72' lang='lat' dir='ltr'>At</span> <span class='ocrx_word' id='word_1_7' title='bbox 287 101 545 169; x_wconf 79' lang='lat' dir='ltr'>Vitellius,profecto</span> <span class='ocrx_word' id='word_1_8' title='bbox 558 100 671 160; x_wconf 75' lang='lat' dir='ltr'>Carini,</span> <span class='ocrx_word' id='word_1_9' title='bbox 684 117 762 166; x_wconf 88' lang='lat' dir='ltr'>quum</span> <span class='ocrx_word' id='word_1_10' title='bbox 770 101 879 157; x_wconf 83' lang='lat' dir='ltr'>Fabium</span> <span class='ocrx_word' id='word_1_11' title='bbox 890 104 1002 156; x_wconf 68' lang='lat' dir='ltr'>Vale„-</span> 
     </span>
     <span class='ocr_line' id='line_1_3' title="bbox 74 171 1002 248; baseline -0.003 -15"><span class='ocrx_word' id='word_1_12' title='bbox 74 196 126 234; x_wconf 88' lang='lat' dir='ltr'>tem</span> <span class='ocrx_word' id='word_1_13' title='bbox 137 222 144 241; x_wconf 90' lang='lat'>,</span> <span class='ocrx_word' id='word_1_14' title='bbox 154 181 242 248; x_wconf 84' lang='lat' dir='ltr'>paucis</span> <span class='ocrx_word' id='word_1_15' title='bbox 252 179 312 247; x_wconf 83' lang='lat' dir='ltr'>prist</span> <span class='ocrx_word' id='word_1_16' title='bbox 326 179 430 243; x_wconf 87' lang='lat' dir='ltr'>diebus,</span> <span class='ocrx_word' id='word_1_17' title='bbox 442 171 474 228; x_wconf 79' lang='lat' dir='ltr'>ad</span> <span class='ocrx_word' id='word_1_18' title='bbox 482 178 579 228; x_wconf 90' lang='lat' dir='ltr'>beilum</span> <span class='ocrx_word' id='word_1_19' title='bbox 590 178 748 244; x_wconf 75' lang='lat' dir='ltr'>impulisset,</span> <span class='ocrx_word' id='word_1_20' title='bbox 760 181 827 230; x_wconf 87' lang='lat' dir='ltr'>curis</span> <span class='ocrx_word' id='word_1_21' title='bbox 836 181 936 230; x_wconf 86' lang='lat' dir='ltr'>luxum</span> <span class='ocrx_word' id='word_1_22' title='bbox 944 181 1002 230; x_wconf 91' lang='lat' dir='ltr'>ob-</span> 
     </span>
     <span class='ocr_line' id='line_1_4' title="bbox 75 251 995 322; baseline -0.002 -16"><span class='ocrx_word' id='word_1_23' title='bbox 75 257 212 306; x_wconf 80' lang='lat' dir='ltr'>tendebat:</span> <span class='ocrx_word' id='word_1_24' title='bbox 224 273 277 305; x_wconf 92' lang='lat' dir='ltr'>non</span> <span class='ocrx_word' id='word_1_25' title='bbox 290 270 379 322; x_wconf 88' lang='lat' dir='ltr'>parare</span> <span class='ocrx_word' id='word_1_26' title='bbox 390 272 459 306; x_wconf 87' lang='lat' dir='ltr'>arma</span> <span class='ocrx_word' id='word_1_27' title='bbox 469 291 476 311; x_wconf 89' lang='lat'>,</span> <span class='ocrx_word' id='word_1_28' title='bbox 488 270 541 303; x_wconf 91' lang='lat' dir='ltr'>non</span> <span class='ocrx_word' id='word_1_29' title='bbox 555 251 676 318; x_wconf 84' lang='lat' dir='ltr'>adloquio</span> <span class='ocrx_word' id='word_1_30' title='bbox 688 255 859 321; x_wconf 83' lang='lat' dir='ltr'>exercitioque</span> <span class='ocrx_word' id='word_1_31' title='bbox 875 255 995 306; x_wconf 84' lang='lat' dir='ltr'>militem</span> 
     </span>
     <span class='ocr_line' id='line_1_5' title="bbox 74 325 997 393; baseline -0.003 -14"><span class='ocrx_word' id='word_1_32' title='bbox 74 330 193 390; x_wconf 81' lang='lat' dir='ltr'>firmare,</span> <span class='ocrx_word' id='word_1_33' title='bbox 204 347 258 379; x_wconf 90' lang='lat' dir='ltr'>non</span> <span class='ocrx_word' id='word_1_34' title='bbox 269 330 295 377; x_wconf 90' lang='lat' dir='ltr'>iu</span> <span class='ocrx_word' id='word_1_35' title='bbox 305 343 350 377; x_wconf 92' lang='lat' dir='ltr'>ore</span> <span class='ocrx_word' id='word_1_36' title='bbox 359 328 429 393; x_wconf 75' lang='lat' dir='ltr'>vulgi</span> <span class='ocrx_word' id='word_1_37' title='bbox 441 343 527 392; x_wconf 75' lang='lat' dir='ltr'>agere:</span> <span class='ocrx_word' id='word_1_38' title='bbox 542 325 585 376; x_wconf 84' lang='lat' dir='ltr'>aed</span> <span class='ocrx_word' id='word_1_39' title='bbox 597 325 754 376; x_wconf 71' lang='lat' dir='ltr'><strong>umbraculis</strong></span> <span class='ocrx_word' id='word_1_40' title='bbox 764 327 905 378; x_wconf 84' lang='lat' dir='ltr'>hortorum</span> <span class='ocrx_word' id='word_1_41' title='bbox 918 327 997 378; x_wconf 87' lang='lat' dir='ltr'>abdi-</span> 
     </span>
     <span class='ocr_line' id='line_1_6' title="bbox 76 401 998 472; baseline -0.004 -18"><span class='ocrx_word' id='word_1_42' title='bbox 76 415 133 462; x_wconf 88' lang='lat' dir='ltr'>tus,</span> <span class='ocrx_word' id='word_1_43' title='bbox 149 417 180 454; x_wconf 91' lang='lat' dir='ltr'>ut</span> <span class='ocrx_word' id='word_1_44' title='bbox 195 405 284 472; x_wconf 71' lang='lat' dir='ltr'>ignava</span> <span class='ocrx_word' id='word_1_45' title='bbox 302 403 418 452; x_wconf 87' lang='lat' dir='ltr'>animalia</span> <span class='ocrx_word' id='word_1_46' title='bbox 428 438 436 461; x_wconf 94' lang='lat'>,</span> <span class='ocrx_word' id='word_1_47' title='bbox 448 402 541 468; x_wconf 90' lang='lat' dir='ltr'>quibus</span> <span class='ocrx_word' id='word_1_48' title='bbox 551 402 572 450; x_wconf 89' lang='lat' dir='ltr'>ai</span> <span class='ocrx_word' id='word_1_49' title='bbox 584 401 670 450; x_wconf 86' lang='lat' dir='ltr'>cibum</span> <span class='ocrx_word' id='word_1_50' title='bbox 682 417 818 467; x_wconf 73' lang='lat' dir='ltr'>suggeras,</span> <span class='ocrx_word' id='word_1_51' title='bbox 831 402 923 466; x_wconf 77' lang='lat' dir='ltr'>jacent</span> <span class='ocrx_word' id='word_1_52' title='bbox 940 415 998 452; x_wconf 92' lang='lat' dir='ltr'>tor-</span> 
     </span>
     <span class='ocr_line' id='line_1_7' title="bbox 76 476 995 546; baseline -0.004 -19"><span class='ocrx_word' id='word_1_53' title='bbox 76 491 202 546; x_wconf 83' lang='lat' dir='ltr'>pensque,</span> <span class='ocrx_word' id='word_1_54' title='bbox 217 481 356 546; x_wconf 75' lang='lat' dir='ltr'>preterita,</span> <span class='ocrx_word' id='word_1_55' title='bbox 367 479 504 536; x_wconf 83' lang='lat' dir='ltr'>instantia,</span> <span class='ocrx_word' id='word_1_56' title='bbox 520 476 621 538; x_wconf 85' lang='lat' dir='ltr'>lutura,</span> <span class='ocrx_word' id='word_1_57' title='bbox 632 478 687 542; x_wconf 81' lang='lat' dir='ltr'>pari</span> <span class='ocrx_word' id='word_1_58' title='bbox 698 478 827 528; x_wconf 76' lang='lat' dir='ltr'>obiirtone</span> <span class='ocrx_word' id='word_1_59' title='bbox 842 477 995 526; x_wconf 84' lang='lat' dir='ltr'>dimiserat.</span> 
     </span>
     <span class='ocr_line' id='line_1_8' title="bbox 78 550 998 617; baseline -0.004 -15"><span class='ocrx_word' id='word_1_60' title='bbox 78 553 162 616; x_wconf 81' lang='lat' dir='ltr'>Atque</span> <span class='ocrx_word' id='word_1_61' title='bbox 176 552 265 610; x_wconf 91' lang='lat' dir='ltr'>iilum,</span> <span class='ocrx_word' id='word_1_62' title='bbox 279 555 306 600; x_wconf 85' lang='lat' dir='ltr'>in</span> <span class='ocrx_word' id='word_1_63' title='bbox 315 568 418 600; x_wconf 89' lang='lat' dir='ltr'>nemore</span> <span class='ocrx_word' id='word_1_64' title='bbox 432 551 539 601; x_wconf 78' lang='lat' dir='ltr'>Aricino</span> <span class='ocrx_word' id='word_1_65' title='bbox 552 551 664 600; x_wconf 76' lang='lat' dir='ltr'>desidem</span> <span class='ocrx_word' id='word_1_66' title='bbox 676 561 701 600; x_wconf 88' lang='lat' dir='ltr'>et</span> <span class='ocrx_word' id='word_1_67' title='bbox 712 562 887 612; x_wconf 76' lang='lat' dir='ltr'><strong>marcentem,</strong></span> <span class='ocrx_word' id='word_1_68' title='bbox 899 550 998 617; x_wconf 86' lang='lat' dir='ltr'>prodi·</span> 
     </span>
    </p>
   </div>
   <div class='ocr_carea' id='block_1_3' title="bbox 68 620 997 758">
    <p class='ocr_par' dir='ltr' id='par_1_3' title="bbox 68 620 997 758">
     <span class='ocr_line' id='line_1_9' title="bbox 78 620 997 690; baseline -0.001 -17"><span class='ocrx_word' id='word_1_69' title='bbox 78 628 115 674; x_wconf 82' lang='lat' dir='ltr'>tio</span> <span class='ocrx_word' id='word_1_70' title='bbox 136 620 231 675; x_wconf 81' lang='lat' dir='ltr'>Lucilii</span> <span class='ocrx_word' id='word_1_71' title='bbox 246 625 333 687; x_wconf 86' lang='lat' dir='ltr'>Bassi,</span> <span class='ocrx_word' id='word_1_72' title='bbox 349 641 378 674; x_wconf 91' lang='lat' dir='ltr'>ac</span> <span class='ocrx_word' id='word_1_73' title='bbox 394 623 502 673; x_wconf 79' lang='lat' dir='ltr'>delectio</span> <span class='ocrx_word' id='word_1_74' title='bbox 520 625 608 674; x_wconf 85' lang='lat' dir='ltr'>classis</span> <span class='ocrx_word' id='word_1_75' title='bbox 625 623 779 673; x_wconf 84' lang='lat' dir='ltr'>Ravennatis</span> <span class='ocrx_word' id='word_1_76' title='bbox 797 625 924 690; x_wconf 85' lang='lat' dir='ltr'>perculit.</span> <span class='ocrx_word' id='word_1_77' title='bbox 943 625 997 672; x_wconf 87' lang='lat' dir='ltr'>Nec</span> 
     </span>
     <span class='ocr_line' id='line_1_10' title="bbox 68 688 995 758; baseline -0.002 -16"><span class='ocrx_word' id='word_1_78' title='bbox 68 691 163 742; x_wconf 37' lang='lat' dir='ltr'>,muso</span> <span class='ocrx_word' id='word_1_79' title='bbox 171 692 230 758; x_wconf 79' lang='lat' dir='ltr'>prist</span> <span class='ocrx_word' id='word_1_80' title='bbox 238 691 269 740; x_wconf 89' lang='lat' dir='ltr'>de</span> <span class='ocrx_word' id='word_1_81' title='bbox 277 689 375 742; x_wconf 70' lang='lat' dir='ltr'>eucine</span> <span class='ocrx_word' id='word_1_82' title='bbox 384 689 497 739; x_wconf 80' lang='lat' dir='ltr'>adfertur</span> <span class='ocrx_word' id='word_1_83' title='bbox 506 691 602 740; x_wconf 84' lang='lat' dir='ltr'>mistus</span> <span class='ocrx_word' id='word_1_84' title='bbox 611 688 782 756; x_wconf 70' lang='lat' dir='ltr'>gaudio&#39;dolor</span> <span class='ocrx_word' id='word_1_85' title='bbox 790 708 797 738; x_wconf 78' lang='lat' dir='ltr'><strong><em>z</em></strong></span> <span class='ocrx_word' id='word_1_86' title='bbox 805 703 830 740; x_wconf 88' lang='lat' dir='ltr'>et</span> <span class='ocrx_word' id='word_1_87' title='bbox 840 690 995 749; x_wconf 82' lang='lat' dir='ltr'>descivisse,</span> 
     </span>
    </p>
   </div>
   <div class='ocr_carea' id='block_1_4' title="bbox 17 753 1012 2986">
    <p class='ocr_par' dir='ltr' id='par_1_4' title="bbox 79 753 997 832">
     <span class='ocr_line' id='line_1_11' title="bbox 79 753 997 832; baseline -0.002 -17"><span class='ocrx_word' id='word_1_88' title='bbox 79 778 106 817; x_wconf 89' lang='lat' dir='ltr'>et</span> <span class='ocrx_word' id='word_1_89' title='bbox 118 753 150 815; x_wconf 82' lang='lat' dir='ltr'>ab</span> <span class='ocrx_word' id='word_1_90' title='bbox 167 767 280 815; x_wconf 84' lang='lat' dir='ltr'>exercitu</span> <span class='ocrx_word' id='word_1_91' title='bbox 297 766 430 815; x_wconf 77' lang='lat' dir='ltr'>vinctum:</span> <span class='ocrx_word' id='word_1_92' title='bbox 446 765 504 831; x_wconf 87' lang='lat' dir='ltr'>plus</span> <span class='ocrx_word' id='word_1_93' title='bbox 516 765 585 832; x_wconf 88' lang='lat' dir='ltr'>apud</span> <span class='ocrx_word' id='word_1_94' title='bbox 604 765 738 814; x_wconf 75' lang='lat' dir='ltr'><strong>socordem</strong></span> <span class='ocrx_word' id='word_1_95' title='bbox 754 767 868 815; x_wconf 82' lang='lat' dir='ltr'>animum</span> <span class='ocrx_word' id='word_1_96' title='bbox 885 761 997 826; x_wconf 70' lang='lat' dir='ltr'>iarius,</span> 
     </span>
    </p>

    <p class='ocr_par' dir='ltr' id='par_1_5' title="bbox 49 838 997 1126">
     <span class='ocr_line' id='line_1_12' title="bbox 49 838 997 904; baseline 0 -16"><span class='ocrx_word' id='word_1_97' title='bbox 49 840 51 847; x_wconf 61' lang='lat'>‘</span> <span class='ocrx_word' id='word_1_98' title='bbox 79 838 156 904; x_wconf 69' lang='lat' dir='ltr'>quim</span> <span class='ocrx_word' id='word_1_99' title='bbox 172 857 232 889; x_wconf 88' lang='lat' dir='ltr'>eura</span> <span class='ocrx_word' id='word_1_100' title='bbox 244 839 339 903; x_wconf 62' lang='lat' dir='ltr'>verriu</span> <span class='ocrx_word' id='word_1_101' title='bbox 355 839 436 888; x_wconf 74' lang='lat' dir='ltr'>multi</span> <span class='ocrx_word' id='word_1_102' title='bbox 448 856 507 888; x_wconf 90' lang='lat' dir='ltr'>cum</span> <span class='ocrx_word' id='word_1_103' title='bbox 523 839 693 890; x_wconf 69' lang='lat' dir='ltr'>exsultatione</span> <span class='ocrx_word' id='word_1_104' title='bbox 705 841 732 888; x_wconf 91' lang='lat' dir='ltr'>in</span> <span class='ocrx_word' id='word_1_105' title='bbox 750 840 841 889; x_wconf 88' lang='lat' dir='ltr'>urbem</span> <span class='ocrx_word' id='word_1_106' title='bbox 853 851 997 900; x_wconf 83' lang='lat' dir='ltr'>revectus,</span> 
     </span>
     <span class='ocr_line' id='line_1_13' title="bbox 78 911 997 979; baseline -0.001 -16"><span class='ocrx_word' id='word_1_107' title='bbox 78 912 208 978; x_wconf 72' lang='lat' dir='ltr'>frequenti</span> <span class='ocrx_word' id='word_1_108' title='bbox 230 913 367 970; x_wconf 84' lang='lat' dir='ltr'>concione,</span> <span class='ocrx_word' id='word_1_109' title='bbox 392 914 535 979; x_wconf 79' lang='lat' dir='ltr'>«pietatem</span> <span class='ocrx_word' id='word_1_110' title='bbox 561 913 695 962; x_wconf 78' lang='lat' dir='ltr'>militumr</span> <span class='ocrx_word' id='word_1_111' title='bbox 719 911 837 963; x_wconf 87' lang='lat' dir='ltr'>laudibus</span> <span class='ocrx_word' id='word_1_112' title='bbox 862 913 997 962; x_wconf 81' lang='lat' dir='ltr'>cumulat.</span> 
     </span>
     <span class='ocr_line' id='line_1_14' title="bbox 79 981 997 1053; baseline -0.001 -18"><span class='ocrx_word' id='word_1_113' title='bbox 79 986 130 1035; x_wconf 82' lang='lat' dir='ltr'>«P.</span> <span class='ocrx_word' id='word_1_114' title='bbox 143 987 273 1046; x_wconf 88' lang='lat' dir='ltr'>Sabinum,</span> <span class='ocrx_word' id='word_1_115' title='bbox 282 986 393 1053; x_wconf 74' lang='lat' dir='ltr'>praetorii</span> <span class='ocrx_word' id='word_1_116' title='bbox 402 981 562 1051; x_wconf 74' lang='lat' dir='ltr'>preelectum,</span> <span class='ocrx_word' id='word_1_117' title='bbox 572 985 604 1033; x_wconf 93' lang='lat' dir='ltr'>ob</span> <span class='ocrx_word' id='word_1_118' title='bbox 613 985 749 1034; x_wconf 82' lang='lat' dir='ltr'>amicitiam</span> <span class='ocrx_word' id='word_1_119' title='bbox 755 986 870 1049; x_wconf 80' lang='lat' dir='ltr'>Csecine,</span> <span class='ocrx_word' id='word_1_120' title='bbox 879 985 997 1034; x_wconf 74' lang='lat' dir='ltr'>vinciris</span> 
     </span>
     <span class='ocr_line' id='line_1_15' title="bbox 79 1057 731 1126; baseline 0.005 -20"><span class='ocrx_word' id='word_1_121' title='bbox 79 1058 165 1123; x_wconf 84' lang='lat' dir='ltr'>jubet,</span> <span class='ocrx_word' id='word_1_122' title='bbox 176 1061 313 1109; x_wconf 85' lang='lat' dir='ltr'>substituto</span> <span class='ocrx_word' id='word_1_123' title='bbox 322 1061 349 1108; x_wconf 93' lang='lat' dir='ltr'>in</span> <span class='ocrx_word' id='word_1_124' title='bbox 361 1060 446 1107; x_wconf 90' lang='lat' dir='ltr'>locum</span> <span class='ocrx_word' id='word_1_125' title='bbox 459 1059 512 1124; x_wconf 74' lang='lat' dir='ltr'>ejus</span> <span class='ocrx_word' id='word_1_126' title='bbox 522 1057 640 1126; x_wconf 88' lang='lat' dir='ltr'>Alpheno</span> <span class='ocrx_word' id='word_1_127' title='bbox 650 1059 731 1112; x_wconf 77' lang='lat' dir='ltr'>Varo.</span> 
     </span>
    </p>

    <p class='ocr_par' dir='ltr' id='par_1_6' title="bbox 81 1132 1000 1422">
     <span class='ocr_line' id='line_1_16' title="bbox 112 1132 1000 1200; baseline -0.003 -17"><span class='ocrx_word' id='word_1_128' title='bbox 112 1133 257 1185; x_wconf 80' lang='lat' dir='ltr'>XXXVII.</span> <span class='ocrx_word' id='word_1_129' title='bbox 272 1135 333 1183; x_wconf 80' lang='lat' dir='ltr'>idox</span> <span class='ocrx_word' id='word_1_130' title='bbox 350 1145 480 1199; x_wconf 84' lang='lat' dir='ltr'>senatum,</span> <span class='ocrx_word' id='word_1_131' title='bbox 499 1132 642 1200; x_wconf 72' lang='lat' dir='ltr'>compositi</span> <span class='ocrx_word' id='word_1_132' title='bbox 654 1133 680 1182; x_wconf 91' lang='lat' dir='ltr'>in</span> <span class='ocrx_word' id='word_1_133' title='bbox 697 1132 916 1200; x_wconf 77' lang='lat' dir='ltr'>magnificentiam</span> <span class='ocrx_word' id='word_1_134' title='bbox 935 1149 1000 1182; x_wconf 84' lang='lat' dir='ltr'>ora·</span> 
     </span>
     <span class='ocr_line' id='line_1_17' title="bbox 81 1199 1000 1273; baseline 0 -19"><span class='ocrx_word' id='word_1_135' title='bbox 81 1206 168 1270; x_wconf 86' lang='lat' dir='ltr'>tione,</span> <span class='ocrx_word' id='word_1_136' title='bbox 181 1207 331 1270; x_wconf 86' lang='lat' dir='ltr'>adlocutus,</span> <span class='ocrx_word' id='word_1_137' title='bbox 342 1208 473 1273; x_wconf 72' lang='lat' dir='ltr'>exquisitis</span> <span class='ocrx_word' id='word_1_138' title='bbox 484 1219 586 1273; x_wconf 87' lang='lat' dir='ltr'>patrum</span> <span class='ocrx_word' id='word_1_139' title='bbox 594 1199 784 1256; x_wconf 77' lang='lat' dir='ltr'>&#39;adulationibus</span> <span class='ocrx_word' id='word_1_140' title='bbox 795 1207 936 1256; x_wconf 78' lang='lat' dir='ltr'>attollitur.</span> <span class='ocrx_word' id='word_1_141' title='bbox 946 1205 1000 1255; x_wconf 82' lang='lat' dir='ltr'>Ini-</span> 
     </span>
     <span class='ocr_line' id='line_1_18' title="bbox 83 1280 998 1333; baseline -0.002 -4"><span class='ocrx_word' id='word_1_142' title='bbox 83 1282 150 1330; x_wconf 84' lang='lat' dir='ltr'>tium</span> <span class='ocrx_word' id='word_1_143' title='bbox 164 1284 259 1333; x_wconf 86' lang='lat' dir='ltr'>atrocia</span> <span class='ocrx_word' id='word_1_144' title='bbox 274 1285 300 1332; x_wconf 90' lang='lat' dir='ltr'>in</span> <span class='ocrx_word' id='word_1_145' title='bbox 315 1285 439 1332; x_wconf 84' lang='lat' dir='ltr'>Caecinam</span> <span class='ocrx_word' id='word_1_146' title='bbox 459 1281 614 1332; x_wconf 67' lang='lat' dir='ltr'>sententiaa</span> <span class='ocrx_word' id='word_1_147' title='bbox 632 1280 663 1332; x_wconf 90' lang='lat' dir='ltr'>L.</span> <span class='ocrx_word' id='word_1_148' title='bbox 680 1282 785 1332; x_wconf 88' lang='lat' dir='ltr'>Vitellio</span> <span class='ocrx_word' id='word_1_149' title='bbox 803 1281 920 1331; x_wconf 86' lang='lat' dir='ltr'>luctum:</span> <span class='ocrx_word' id='word_1_150' title='bbox 935 1281 998 1330; x_wconf 88' lang='lat' dir='ltr'>dein</span> 
     </span>
     <span class='ocr_line' id='line_1_19' title="bbox 83 1353 1000 1422; baseline 0.003 -21"><span class='ocrx_word' id='word_1_151' title='bbox 83 1357 175 1417; x_wconf 88' lang='lat' dir='ltr'>ceteri,</span> <span class='ocrx_word' id='word_1_152' title='bbox 184 1355 327 1422; x_wconf 74' lang='lat' dir='ltr'>compositi</span> <span class='ocrx_word' id='word_1_153' title='bbox 339 1355 527 1422; x_wconf 76' lang='lat' dir='ltr'>indignatione,</span> <span class='ocrx_word' id='word_1_154' title='bbox 538 1353 628 1419; x_wconf 74' lang='lat' dir='ltr'>«quod</span> <span class='ocrx_word' id='word_1_155' title='bbox 638 1356 727 1404; x_wconf 88' lang='lat' dir='ltr'>consul</span> <span class='ocrx_word' id='word_1_156' title='bbox 735 1355 934 1421; x_wconf 80' lang='lat' dir='ltr'>rempublicam,</span> <span class='ocrx_word' id='word_1_157' title='bbox 945 1354 1000 1404; x_wconf 85' lang='lat' dir='ltr'>dux</span> 
     </span>
    </p>

    <p class='ocr_par' dir='ltr' id='par_1_7' title="bbox 34 1428 999 1498">
     <span class='ocr_line' id='line_1_20' title="bbox 34 1428 999 1498; baseline 0.001 -22"><span class='ocrx_word' id='word_1_158' title='bbox 34 1439 40 1443; x_wconf 87' lang='grc'><em>·</em></span> <span class='ocrx_word' id='word_1_159' title='bbox 83 1428 279 1495; x_wconf 75' lang='lat' dir='ltr'>imperatorem,</span> <span class='ocrx_word' id='word_1_160' title='bbox 290 1432 366 1481; x_wconf 87' lang='lat' dir='ltr'>tantia</span> <span class='ocrx_word' id='word_1_161' title='bbox 382 1433 489 1498; x_wconf 87' lang='lat' dir='ltr'>opibus,</span> <span class='ocrx_word' id='word_1_162' title='bbox 507 1443 547 1480; x_wconf 89' lang='lat' dir='ltr'>tot</span> <span class='ocrx_word' id='word_1_163' title='bbox 558 1429 697 1480; x_wconf 83' lang='lat' dir='ltr'>honoribus</span> <span class='ocrx_word' id='word_1_164' title='bbox 710 1431 868 1488; x_wconf 76' lang='lat' dir='ltr'>cumulatus,</span> <span class='ocrx_word' id='word_1_165' title='bbox 880 1431 999 1478; x_wconf 82' lang='lat' dir='ltr'>anticum</span> 
     </span>
    </p>

    <p class='ocr_par' dir='ltr' id='par_1_8' title="bbox 83 1503 999 1570">
     <span class='ocr_line' id='line_1_21' title="bbox 83 1503 999 1570; baseline 0 -19"><span class='ocrx_word' id='word_1_166' title='bbox 83 1504 272 1568; x_wconf 72' lang='lat' dir='ltr'>prodidisset»,</span> <span class='ocrx_word' id='word_1_167' title='bbox 291 1505 362 1553; x_wconf 82' lang='lat' dir='ltr'>reiut</span> <span class='ocrx_word' id='word_1_168' title='bbox 379 1521 425 1570; x_wconf 86' lang='lat' dir='ltr'>pro</span> <span class='ocrx_word' id='word_1_169' title='bbox 444 1505 549 1555; x_wconf 88' lang='lat' dir='ltr'>Vitellio</span> <span class='ocrx_word' id='word_1_170' title='bbox 568 1517 765 1569; x_wconf 82' lang='lat' dir='ltr'>conquerentes,</span> <span class='ocrx_word' id='word_1_171' title='bbox 782 1520 859 1555; x_wconf 85' lang='lat' dir='ltr'>suurn</span> <span class='ocrx_word' id='word_1_172' title='bbox 875 1503 999 1553; x_wconf 83' lang='lat' dir='ltr'>dolorem</span> 
     </span>
    </p>

    <p class='ocr_par' dir='ltr' id='par_1_9' title="bbox 23 1567 1000 1652">
     <span class='ocr_line' id='line_1_22' title="bbox 23 1567 1000 1652; baseline 0.004 -28"><span class='ocrx_word' id='word_1_173' title='bbox 23 1610 25 1615; x_wconf 34' lang='lat' dir='ltr'><strong>f</strong></span> <span class='ocrx_word' id='word_1_174' title='bbox 82 1575 256 1641; x_wconf 75' lang='lat' dir='ltr'>proferebant.</span> <span class='ocrx_word' id='word_1_175' title='bbox 272 1578 390 1629; x_wconf 85' lang='lat' dir='ltr'>Nniia&#39;in</span> <span class='ocrx_word' id='word_1_176' title='bbox 405 1579 518 1629; x_wconf 83' lang='lat' dir='ltr'>oratione</span> <span class='ocrx_word' id='word_1_177' title='bbox 527 1578 677 1652; x_wconf 72' lang='lat' dir='ltr'>cujusquam</span> <span class='ocrx_word' id='word_1_178' title='bbox 694 1567 751 1644; x_wconf 74' lang='lat' dir='ltr'>eiga</span> <span class='ocrx_word' id='word_1_179' title='bbox 767 1577 901 1630; x_wconf 78' lang='lat' dir='ltr'>Flavianos</span> <span class='ocrx_word' id='word_1_180' title='bbox 918 1575 1000 1628; x_wconf 79' lang='lat' dir='ltr'>duces</span> 
     </span>
    </p>

    <p class='ocr_par' dir='ltr' id='par_1_10' title="bbox 85 1651 1000 1718">
     <span class='ocr_line' id='line_1_23' title="bbox 85 1651 1000 1718; baseline -0.002 -19"><span class='ocrx_word' id='word_1_181' title='bbox 85 1651 252 1703; x_wconf 82' lang='lat' dir='ltr'>obtrectatio:</span> <span class='ocrx_word' id='word_1_182' title='bbox 267 1653 400 1703; x_wconf 77' lang='lat' dir='ltr'>terrorem</span> <span class='ocrx_word' id='word_1_183' title='bbox 407 1651 653 1718; x_wconf 76' lang='lat' dir='ltr'>imprudentiamque.</span> <span class='ocrx_word' id='word_1_184' title='bbox 663 1651 841 1703; x_wconf 77' lang='lat' dir='ltr'>exercituum»</span> <span class='ocrx_word' id='word_1_185' title='bbox 850 1651 1000 1717; x_wconf 77' lang='lat' dir='ltr'>culpantes,</span> 
     </span>
    </p>

    <p class='ocr_par' dir='ltr' id='par_1_11' title="bbox 83 1723 1002 1791">
     <span class='ocr_line' id='line_1_24' title="bbox 83 1723 1002 1791; baseline 0 -19"><span class='ocrx_word' id='word_1_186' title='bbox 83 1724 236 1791; x_wconf 77' lang='lat' dir='ltr'>¹Vespasiani</span> <span class='ocrx_word' id='word_1_187' title='bbox 245 1742 337 1777; x_wconf 88' lang='lat' dir='ltr'>nornen</span> <span class='ocrx_word' id='word_1_188' title='bbox 347 1727 461 1791; x_wconf 82' lang='lat' dir='ltr'>suspensi</span> <span class='ocrx_word' id='word_1_189' title='bbox 473 1737 500 1774; x_wconf 88' lang='lat' dir='ltr'>et</span> <span class='ocrx_word' id='word_1_190' title='bbox 508 1725 642 1775; x_wconf 78' lang='lat' dir='ltr'>vitabundi</span> <span class='ocrx_word' id='word_1_191' title='bbox 651 1725 830 1776; x_wconf 83' lang='lat' dir='ltr'>circumibant.</span> <span class='ocrx_word' id='word_1_192' title='bbox 837 1726 890 1778; x_wconf 80' lang='lat' dir='ltr'>Nec</span> <span class='ocrx_word' id='word_1_193' title='bbox 902 1723 1002 1783; x_wconf 82' lang='lat' dir='ltr'>deluit,</span> 
     </span>
    </p>

    <p class='ocr_par' dir='ltr' id='par_1_12' title="bbox 86 1798 999 1868">
     <span class='ocr_line' id='line_1_25' title="bbox 86 1798 999 1868; baseline -0.002 -20"><span class='ocrx_word' id='word_1_194' title='bbox 86 1801 131 1866; x_wconf 84' lang='lat' dir='ltr'>qni</span> <span class='ocrx_word' id='word_1_195' title='bbox 138 1817 217 1864; x_wconf 81' lang='lat' dir='ltr'>uuum</span> <span class='ocrx_word' id='word_1_196' title='bbox 226 1801 371 1851; x_wconf 71' lang='lat' dir='ltr'>consulatus</span> <span class='ocrx_word' id='word_1_197' title='bbox 382 1799 448 1849; x_wconf 83' lang='lat' dir='ltr'>dlem</span> <span class='ocrx_word' id='word_1_198' title='bbox 459 1801 496 1866; x_wconf 90' lang='lat' dir='ltr'>(ia</span> <span class='ocrx_word' id='word_1_199' title='bbox 504 1801 581 1860; x_wconf 84' lang='lat' dir='ltr'>enim,</span> <span class='ocrx_word' id='word_1_200' title='bbox 591 1801 617 1848; x_wconf 89' lang='lat' dir='ltr'>in</span> <span class='ocrx_word' id='word_1_201' title='bbox 626 1800 712 1849; x_wconf 89' lang='lat' dir='ltr'>locum</span> <span class='ocrx_word' id='word_1_202' title='bbox 721 1801 840 1862; x_wconf 73' lang='lat' dir='ltr'>Carcine,</span> <span class='ocrx_word' id='word_1_203' title='bbox 850 1798 999 1868; x_wconf 86' lang='lat' dir='ltr'>supererat)</span> 
     </span>
    </p>

    <p class='ocr_par' dir='ltr' id='par_1_13' title="bbox 86 1874 1000 1944">
     <span class='ocr_line' id='line_1_26' title="bbox 86 1874 1000 1944; baseline -0.002 -19"><span class='ocrx_word' id='word_1_204' title='bbox 86 1890 180 1942; x_wconf 79' lang='lat' dir='ltr'>magno</span> <span class='ocrx_word' id='word_1_205' title='bbox 192 1893 250 1925; x_wconf 88' lang='lat' dir='ltr'>eum</span> <span class='ocrx_word' id='word_1_206' title='bbox 259 1878 333 1925; x_wconf 83' lang='lat' dir='ltr'>irrisu</span> <span class='ocrx_word' id='word_1_207' title='bbox 344 1877 481 1926; x_wconf 86' lang='lat' dir='ltr'>tribuentis</span> <span class='ocrx_word' id='word_1_208' title='bbox 489 1876 700 1942; x_wconf 85' lang='lat' dir='ltr'>accipientisque,</span> <span class='ocrx_word' id='word_1_209' title='bbox 712 1877 898 1928; x_wconf 79' lang='lat' dir='ltr'>eblandireturs</span> <span class='ocrx_word' id='word_1_210' title='bbox 911 1874 1000 1944; x_wconf 84' lang='lat' dir='ltr'>pridie</span> 
     </span>
    </p>

    <p class='ocr_par' dir='ltr' id='par_1_14' title="bbox 85 1946 999 2018">
     <span class='ocr_line' id='line_1_27' title="bbox 85 1946 999 2018; baseline 0.002 -22"><span class='ocrx_word' id='word_1_211' title='bbox 85 1946 215 1996; x_wconf 77' lang='lat' dir='ltr'>Kalendas</span> <span class='ocrx_word' id='word_1_212' title='bbox 225 1948 378 1997; x_wconf 83' lang='lat' dir='ltr'>Novembris</span> <span class='ocrx_word' id='word_1_213' title='bbox 388 1950 480 1998; x_wconf 87' lang='lat' dir='ltr'>Rosius</span> <span class='ocrx_word' id='word_1_214' title='bbox 493 1949 604 2015; x_wconf 78' lang='lat' dir='ltr'>Regulus</span> <span class='ocrx_word' id='word_1_215' title='bbox 616 1951 673 2000; x_wconf 78' lang='lat' dir='ltr'>&#39;sitiit</span> <span class='ocrx_word' id='word_1_216' title='bbox 678 1989 689 2012; x_wconf 85' lang='lat'>,</span> <span class='ocrx_word' id='word_1_217' title='bbox 699 1950 866 2018; x_wconf 79' lang='lat' dir='ltr'>ejuraritque.</span> <span class='ocrx_word' id='word_1_218' title='bbox 876 1949 999 2000; x_wconf 79' lang='lat' dir='ltr'>Adnota-</span> 
     </span>
    </p>

    <p class='ocr_par' dir='ltr' id='par_1_15' title="bbox 84 2017 999 2093">
     <span class='ocr_line' id='line_1_28' title="bbox 84 2017 999 2093; baseline 0.002 -25"><span class='ocrx_word' id='word_1_219' title='bbox 84 2017 148 2068; x_wconf 84' lang='lat' dir='ltr'>bant</span> <span class='ocrx_word' id='word_1_220' title='bbox 161 2019 253 2086; x_wconf 86' lang='lat' dir='ltr'>periti,</span> <span class='ocrx_word' id='word_1_221' title='bbox 265 2037 416 2085; x_wconf 83' lang='lat' dir='ltr'>«nunquam</span> <span class='ocrx_word' id='word_1_222' title='bbox 432 2033 506 2070; x_wconf 87' lang='lat' dir='ltr'>autea</span> <span class='ocrx_word' id='word_1_223' title='bbox 513 2060 524 2083; x_wconf 88' lang='lat'>,</span> <span class='ocrx_word' id='word_1_224' title='bbox 536 2039 586 2071; x_wconf 89' lang='lat' dir='ltr'>uon</span> <span class='ocrx_word' id='word_1_225' title='bbox 603 2024 724 2090; x_wconf 77' lang='lat' dir='ltr'>abrogato</span> <span class='ocrx_word' id='word_1_226' title='bbox 734 2026 898 2093; x_wconf 80' lang='lat' dir='ltr'>magistratu,</span> <span class='ocrx_word' id='word_1_227' title='bbox 912 2037 999 2090; x_wconf 89' lang='lat' dir='ltr'>neque</span> 
     </span>
    </p>

    <p class='ocr_par' dir='ltr' id='par_1_16' title="bbox 17 2092 1000 2167">
     <span class='ocr_line' id='line_1_29' title="bbox 17 2092 1000 2167; baseline 0.013 -26"><span class='ocrx_word' id='word_1_228' title='bbox 17 2099 24 2110; x_wconf 90' lang='lat'><em>&#39;</em></span> <span class='ocrx_word' id='word_1_229' title='bbox 86 2093 143 2159; x_wconf 73' lang='lat' dir='ltr'>lege</span> <span class='ocrx_word' id='word_1_230' title='bbox 157 2093 221 2156; x_wconf 71' lang='lat' dir='ltr'>lari,</span> <span class='ocrx_word' id='word_1_231' title='bbox 236 2094 315 2144; x_wconf 89' lang='lat' dir='ltr'>alium</span> <span class='ocrx_word' id='word_1_232' title='bbox 326 2092 495 2145; x_wconf 82' lang='lat' dir='ltr'>suffectumn:</span> <span class='ocrx_word' id='word_1_233' title='bbox 510 2112 570 2167; x_wconf 68' lang='lat' dir='ltr'>nam</span> <span class='ocrx_word' id='word_1_234' title='bbox 582 2099 672 2147; x_wconf 85' lang='lat' dir='ltr'>consui</span> <span class='ocrx_word' id='word_1_235' title='bbox 685 2116 735 2149; x_wconf 90' lang='lat' dir='ltr'>uno</span> <span class='ocrx_word' id='word_1_236' title='bbox 746 2098 786 2148; x_wconf 87' lang='lat' dir='ltr'>die</span> <span class='ocrx_word' id='word_1_237' title='bbox 801 2111 826 2150; x_wconf 92' lang='lat' dir='ltr'>et</span> <span class='ocrx_word' id='word_1_238' title='bbox 844 2099 903 2150; x_wconf 78' lang='lat' dir='ltr'>ant&#39;e</span> <span class='ocrx_word' id='word_1_239' title='bbox 913 2097 1000 2153; x_wconf 80' lang='lat' dir='ltr'>fuerat</span> 
     </span>
    </p>

    <p class='ocr_par' dir='ltr' id='par_1_17' title="bbox 86 2167 1000 2293">
     <span class='ocr_line' id='line_1_30' title="bbox 87 2167 1000 2244; baseline 0.014 -28"><span class='ocrx_word' id='word_1_240' title='bbox 87 2167 208 2217; x_wconf 74' lang='lat' dir='ltr'>Caninius</span> <span class='ocrx_word' id='word_1_241' title='bbox 219 2167 324 2219; x_wconf 84' lang='lat' dir='ltr'>Rebilus</span> <span class='ocrx_word' id='word_1_242' title='bbox 329 2205 337 2229; x_wconf 88' lang='lat'>,</span> <span class='ocrx_word' id='word_1_243' title='bbox 351 2171 381 2220; x_wconf 82' lang='lat' dir='ltr'>C.</span> <span class='ocrx_word' id='word_1_244' title='bbox 393 2170 488 2227; x_wconf 76' lang='lat' dir='ltr'>Cerere</span> <span class='ocrx_word' id='word_1_245' title='bbox 497 2170 635 2240; x_wconf 78' lang='lat' dir='ltr'>dictatore,</span> <span class='ocrx_word' id='word_1_246' title='bbox 645 2191 724 2241; x_wconf 90' lang='lat' dir='ltr'>quum</span> <span class='ocrx_word' id='word_1_247' title='bbox 735 2175 797 2224; x_wconf 90' lang='lat' dir='ltr'>belli</span> <span class='ocrx_word' id='word_1_248' title='bbox 805 2175 888 2226; x_wconf 79' lang='lat' dir='ltr'>civilis</span> <span class='ocrx_word' id='word_1_249' title='bbox 895 2178 1000 2244; x_wconf 73' lang='lat' dir='ltr'>premis</span> 
     </span>
     <span class='ocr_line' id='line_1_31' title="bbox 86 2240 274 2293; baseline 0 -2"><span class='ocrx_word' id='word_1_250' title='bbox 86 2240 274 2293; x_wconf 67' lang='lat' dir='ltr'>destinarentur.</span> 
     </span>
    </p>

    <p class='ocr_par' dir='ltr' id='par_1_18' title="bbox 91 2315 1012 2986">
     <span class='ocr_line' id='line_1_32' title="bbox 123 2315 999 2397; baseline 0.017 -32"><span class='ocrx_word' id='word_1_251' title='bbox 123 2315 274 2369; x_wconf 81' lang='lat' dir='ltr'>XXXVIII.</span> <span class='ocrx_word' id='word_1_252' title='bbox 283 2316 350 2367; x_wconf 85' lang='lat' dir='ltr'>Nota</span> <span class='ocrx_word' id='word_1_253' title='bbox 359 2334 406 2385; x_wconf 89' lang='lat' dir='ltr'>per</span> <span class='ocrx_word' id='word_1_254' title='bbox 413 2335 458 2370; x_wconf 90' lang='lat' dir='ltr'>eos</span> <span class='ocrx_word' id='word_1_255' title='bbox 466 2319 521 2370; x_wconf 84' lang='lat' dir='ltr'>dies</span> <span class='ocrx_word' id='word_1_256' title='bbox 532 2321 547 2370; x_wconf 87' lang='lat' dir='ltr'>J</span> <span class='ocrx_word' id='word_1_257' title='bbox 548 2321 601 2370; x_wconf 88' lang='lat' dir='ltr'>unii</span> <span class='ocrx_word' id='word_1_258' title='bbox 611 2323 683 2372; x_wconf 81' lang='lat' dir='ltr'>Blaesi</span> <span class='ocrx_word' id='word_1_259' title='bbox 693 2340 777 2386; x_wconf 86' lang='lat' dir='ltr'>mors,</span> <span class='ocrx_word' id='word_1_260' title='bbox 789 2337 816 2376; x_wconf 91' lang='lat' dir='ltr'>et</span> <span class='ocrx_word' id='word_1_261' title='bbox 824 2325 923 2378; x_wconf 81' lang='lat' dir='ltr'>famosa</span> <span class='ocrx_word' id='word_1_262' title='bbox 932 2327 999 2397; x_wconf 71' lang='lat' dir='ltr'>tuit,</span> 
     </span>
     <span class='ocr_line' id='line_1_33' title="bbox 91 2387 1001 2466; baseline 0.019 -30"><span class='ocrx_word' id='word_1_263' title='bbox 91 2387 123 2438; x_wconf 85' lang='lat' dir='ltr'>sle</span> <span class='ocrx_word' id='word_1_264' title='bbox 135 2389 184 2454; x_wconf 83' lang='lat' dir='ltr'>qni</span> <span class='ocrx_word' id='word_1_265' title='bbox 197 2391 233 2441; x_wconf 86' lang='lat' dir='ltr'>sic</span> <span class='ocrx_word' id='word_1_266' title='bbox 244 2393 396 2460; x_wconf 82' lang='lat' dir='ltr'>accepimus.</span> <span class='ocrx_word' id='word_1_267' title='bbox 409 2393 486 2444; x_wconf 81' lang='lat' dir='ltr'>Gravi</span> <span class='ocrx_word' id='word_1_268' title='bbox 498 2396 612 2463; x_wconf 86' lang='lat' dir='ltr'>corporis</span> <span class='ocrx_word' id='word_1_269' title='bbox 624 2399 715 2448; x_wconf 91' lang='lat' dir='ltr'>morbo</span> <span class='ocrx_word' id='word_1_270' title='bbox 727 2415 790 2466; x_wconf 81' lang='lat' dir='ltr'>aeger</span> <span class='ocrx_word' id='word_1_271' title='bbox 797 2400 931 2460; x_wconf 84' lang='lat' dir='ltr'>Vitellius,</span> <span class='ocrx_word' id='word_1_272' title='bbox 940 2405 1001 2452; x_wconf 86' lang='lat' dir='ltr'>Scr-</span> 
     </span>
     <span class='ocr_line' id='line_1_34' title="bbox 92 2463 1000 2540; baseline 0.019 -30"><span class='ocrx_word' id='word_1_273' title='bbox 92 2463 192 2512; x_wconf 80' lang='lat' dir='ltr'>riiiania</span> <span class='ocrx_word' id='word_1_274' title='bbox 201 2463 291 2526; x_wconf 88' lang='lat' dir='ltr'>bortis,</span> <span class='ocrx_word' id='word_1_275' title='bbox 303 2467 404 2531; x_wconf 89' lang='lat' dir='ltr'>turrim,</span> <span class='ocrx_word' id='word_1_276' title='bbox 415 2468 498 2518; x_wconf 83' lang='lat' dir='ltr'>vicino</span> <span class='ocrx_word' id='word_1_277' title='bbox 510 2470 595 2528; x_wconf 86' lang='lat' dir='ltr'>sitam,</span> <span class='ocrx_word' id='word_1_278' title='bbox 604 2470 729 2521; x_wconf 87' lang='lat' dir='ltr'>collucere</span> <span class='ocrx_word' id='word_1_279' title='bbox 738 2489 784 2540; x_wconf 89' lang='lat' dir='ltr'>per·</span> <span class='ocrx_word' id='word_1_280' title='bbox 793 2483 895 2522; x_wconf 86' lang='lat' dir='ltr'>noctem</span> <span class='ocrx_word' id='word_1_281' title='bbox 904 2477 1000 2528; x_wconf 85' lang='lat' dir='ltr'>crebris</span> 
     </span>
     <span class='ocr_line' id='line_1_35' title="bbox 92 2534 1000 2612; baseline 0.02 -30"><span class='ocrx_word' id='word_1_282' title='bbox 92 2534 234 2586; x_wconf 87' lang='lat' dir='ltr'>luminibus</span> <span class='ocrx_word' id='word_1_283' title='bbox 251 2539 438 2591; x_wconf 82' lang='lat' dir='ltr'>animadvertit.</span> <span class='ocrx_word' id='word_1_284' title='bbox 456 2542 603 2592; x_wconf 79' lang='lat' dir='ltr'>Solscitanti</span> <span class='ocrx_word' id='word_1_285' title='bbox 622 2559 723 2592; x_wconf 86' lang='lat' dir='ltr'>causam</span> <span class='ocrx_word' id='word_1_286' title='bbox 733 2579 742 2604; x_wconf 94' lang='lat'>,</span> <span class='ocrx_word' id='word_1_287' title='bbox 764 2545 859 2612; x_wconf 80' lang='lat' dir='ltr'>&lt;repud</span> <span class='ocrx_word' id='word_1_288' title='bbox 874 2547 1000 2600; x_wconf 74' lang='lat' dir='ltr'>Cercinam</span> 
     </span>
     <span class='ocr_line' id='line_1_36' title="bbox 91 2609 1000 2685; baseline 0.018 -27"><span class='ocrx_word' id='word_1_289' title='bbox 91 2609 204 2660; x_wconf 80' lang='lat' dir='ltr'>Tuscum</span> <span class='ocrx_word' id='word_1_290' title='bbox 215 2614 313 2678; x_wconf 84' lang='lat' dir='ltr'>epulari</span> <span class='ocrx_word' id='word_1_291' title='bbox 328 2616 440 2675; x_wconf 80' lang='lat' dir='ltr'>multos,</span> <span class='ocrx_word' id='word_1_292' title='bbox 452 2619 607 2685; x_wconf 74' lang='lat' dir='ltr'>precipuum</span> <span class='ocrx_word' id='word_1_293' title='bbox 622 2615 720 2668; x_wconf 89' lang='lat' dir='ltr'>honore</span> <span class='ocrx_word' id='word_1_294' title='bbox 733 2621 839 2670; x_wconf 86' lang='lat' dir='ltr'>lunium</span> <span class='ocrx_word' id='word_1_295' title='bbox 850 2621 981 2674; x_wconf 73' lang='lat' dir='ltr'>Blesumu</span> <span class='ocrx_word' id='word_1_296' title='bbox 993 2661 1000 2682; x_wconf 89' lang='lat'>,</span> 
     </span>
     <span class='ocr_line' id='line_1_37' title="bbox 91 2685 1012 2759; baseline 0.02 -27"><span class='ocrx_word' id='word_1_297' title='bbox 91 2685 243 2736; x_wconf 77' lang='lat' dir='ltr'>nuntiatur:</span> <span class='ocrx_word' id='word_1_298' title='bbox 254 2701 337 2739; x_wconf 86' lang='lat' dir='ltr'>cetera</span> <span class='ocrx_word' id='word_1_299' title='bbox 347 2691 373 2738; x_wconf 93' lang='lat' dir='ltr'>in</span> <span class='ocrx_word' id='word_1_300' title='bbox 384 2690 464 2751; x_wconf 73' lang='lat' dir='ltr'>mains</span> <span class='ocrx_word' id='word_1_301' title='bbox 472 2727 479 2749; x_wconf 91' lang='lat'>,</span> <span class='ocrx_word' id='word_1_302' title='bbox 488 2689 520 2741; x_wconf 82' lang='lat' dir='ltr'>rie</span> <span class='ocrx_word' id='word_1_303' title='bbox 533 2710 546 2740; x_wconf 83' lang='lat' dir='ltr'>o</span> <span class='ocrx_word' id='word_1_304' title='bbox 555 2706 690 2759; x_wconf 84' lang='lat' dir='ltr'>apparatu,</span> <span class='ocrx_word' id='word_1_305' title='bbox 701 2705 727 2743; x_wconf 89' lang='lat' dir='ltr'>et</span> <span class='ocrx_word' id='word_1_306' title='bbox 737 2694 826 2744; x_wconf 84' lang='lat' dir='ltr'>solutis</span> <span class='ocrx_word' id='word_1_307' title='bbox 835 2695 862 2744; x_wconf 90' lang='lat' dir='ltr'>in</span> <span class='ocrx_word' id='word_1_308' title='bbox 870 2695 1012 2750; x_wconf 83' lang='lat' dir='ltr'>lasciviam</span> 
     </span>
     <span class='ocr_line' id='line_1_38' title="bbox 94 2758 1000 2831; baseline 0.02 -25"><span class='ocrx_word' id='word_1_309' title='bbox 94 2758 186 2806; x_wconf 83' lang='lat' dir='ltr'>animis</span> <span class='ocrx_word' id='word_1_310' title='bbox 195 2775 210 2806; x_wconf 85' lang='lat' dir='ltr'>a</span> <span class='ocrx_word' id='word_1_311' title='bbox 221 2778 227 2807; x_wconf 89' lang='lat'><strong>:</strong></span> <span class='ocrx_word' id='word_1_312' title='bbox 237 2777 286 2810; x_wconf 92' lang='lat' dir='ltr'>nec</span> <span class='ocrx_word' id='word_1_313' title='bbox 295 2760 412 2827; x_wconf 76' lang='lat' dir='ltr'>deluere,</span> <span class='ocrx_word' id='word_1_314' title='bbox 423 2763 467 2829; x_wconf 88' lang='lat' dir='ltr'>qui</span> <span class='ocrx_word' id='word_1_315' title='bbox 476 2764 560 2831; x_wconf 86' lang='lat' dir='ltr'>ipsum</span> <span class='ocrx_word' id='word_1_316' title='bbox 567 2765 693 2830; x_wconf 88' lang='lat' dir='ltr'>Tuscum,</span> <span class='ocrx_word' id='word_1_317' title='bbox 703 2779 730 2816; x_wconf 89' lang='lat' dir='ltr'>et</span> <span class='ocrx_word' id='word_1_318' title='bbox 738 2769 817 2828; x_wconf 88' lang='lat' dir='ltr'>alios,</span> <span class='ocrx_word' id='word_1_319' title='bbox 827 2767 873 2816; x_wconf 86' lang='lat' dir='ltr'>sed</span> <span class='ocrx_word' id='word_1_320' title='bbox 882 2772 1000 2824; x_wconf 70' lang='lat' dir='ltr'>ommino·</span> 
     </span>
     <span class='ocr_line' id='line_1_39' title="bbox 94 2828 1001 2910; baseline 0.017 -32"><span class='ocrx_word' id='word_1_321' title='bbox 94 2828 1001 2910; x_wconf 75' lang='lat' dir='ltr'>siiraBiresnmincusarent,oqubd‚aegroprineipe,latoadiesagereta.</span> 
     </span>
     <span class='ocr_line' id='line_1_40' title="bbox 97 2904 1002 2986; baseline 0.014 -33"><span class='ocrx_word' id='word_1_322' title='bbox 97 2904 149 2953; x_wconf 89' lang='lat' dir='ltr'>Ubi</span> <span class='ocrx_word' id='word_1_323' title='bbox 157 2918 300 2970; x_wconf 86' lang='lat' dir='ltr'>asperatum</span> <span class='ocrx_word' id='word_1_324' title='bbox 309 2909 459 2968; x_wconf 85' lang='lat' dir='ltr'>Vitellium,</span> <span class='ocrx_word' id='word_1_325' title='bbox 471 2921 497 2958; x_wconf 90' lang='lat' dir='ltr'>et</span> <span class='ocrx_word' id='word_1_326' title='bbox 508 2911 696 2977; x_wconf 78' lang='lat' dir='ltr'>posseBieaunr</span> <span class='ocrx_word' id='word_1_327' title='bbox 707 2912 836 2980; x_wconf 85' lang='lat' dir='ltr'>perverti,</span> <span class='ocrx_word' id='word_1_328' title='bbox 850 2917 912 2965; x_wconf 84' lang='lat' dir='ltr'>satia</span> <span class='ocrx_word' id='word_1_329' title='bbox 920 2923 1002 2986; x_wconf 68' lang='lat' dir='ltr'>patuit</span> 
     </span>
    </p>
   </div>
   <div class='ocr_carea' id='block_1_5' title="bbox 7 2979 1043 3352">
    <p class='ocr_par' dir='ltr' id='par_1_19' title="bbox 7 2979 1043 3352">
     <span class='ocr_line' id='line_1_41' title="bbox 7 2979 1042 3052; baseline 0.019 -25"><span class='ocrx_word' id='word_1_330' title='bbox 7 3000 9 3005; x_wconf 96' lang='lat'>·</span> <span class='ocrx_word' id='word_1_331' title='bbox 96 2980 142 3040; x_wconf 90' lang='lat' dir='ltr'>iis,</span> <span class='ocrx_word' id='word_1_332' title='bbox 155 2981 198 3045; x_wconf 89' lang='lat' dir='ltr'>qui</span> <span class='ocrx_word' id='word_1_333' title='bbox 208 2982 350 3051; x_wconf 87' lang='lat' dir='ltr'>principum</span> <span class='ocrx_word' id='word_1_334' title='bbox 363 2979 468 3035; x_wconf 71' lang='lat' dir='ltr'>offensas</span> <span class='ocrx_word' id='word_1_335' title='bbox 483 2985 576 3034; x_wconf 90' lang='lat' dir='ltr'>acriter</span> <span class='ocrx_word' id='word_1_336' title='bbox 588 2987 763 3052; x_wconf 82' lang='lat' dir='ltr'>speculantur,</span> <span class='ocrx_word' id='word_1_337' title='bbox 780 2987 842 3042; x_wconf 79' lang='lat' dir='ltr'>data</span> <span class='ocrx_word' id='word_1_338' title='bbox 852 2991 885 3042; x_wconf 85' lang='lat' dir='ltr'>L&#39;.</span> <span class='ocrx_word' id='word_1_339' title='bbox 895 2995 999 3046; x_wconf 88' lang='lat' dir='ltr'>Vitellio</span> <span class='ocrx_word' id='word_1_340' title='bbox 1040 3014 1042 3018; x_wconf 75' lang='grc'>’</span> 
     </span>
     <span class='ocr_line' id='line_1_42' title="bbox 96 3052 999 3132; baseline 0.024 -32"><span class='ocrx_word' id='word_1_341' title='bbox 96 3052 999 3132; x_wconf 73' lang='lat' dir='ltr'>delationiapartes.lile,infensuslliresoaemulationepravi,quodeum,</span> 
     </span>
     <span class='ocr_line' id='line_1_43' title="bbox 96 3128 999 3198; baseline 0.022 -23"><span class='ocrx_word' id='word_1_342' title='bbox 96 3129 167 3177; x_wconf 85' lang='lat' dir='ltr'>omni</span> <span class='ocrx_word' id='word_1_343' title='bbox 175 3128 297 3180; x_wconf 85' lang='lat' dir='ltr'>dedecore</span> <span class='ocrx_word' id='word_1_344' title='bbox 305 3133 477 3193; x_wconf 88' lang='lat' dir='ltr'>maculosum,</span> <span class='ocrx_word' id='word_1_345' title='bbox 486 3131 585 3198; x_wconf 76' lang='lat' dir='ltr'>egregii</span> <span class='ocrx_word' id='word_1_346' title='bbox 596 3131 660 3182; x_wconf 80' lang='lat' dir='ltr'>lami</span> <span class='ocrx_word' id='word_1_347' title='bbox 669 3136 790 3198; x_wconf 72' lang='lat' dir='ltr'>anteibat,</span> <span class='ocrx_word' id='word_1_348' title='bbox 799 3140 946 3192; x_wconf 88' lang='lat' dir='ltr'>cubiculum</span> <span class='ocrx_word' id='word_1_349' title='bbox 956 3147 999 3195; x_wconf 87' lang='lat' dir='ltr'>irn-</span> 
     </span>
     <span class='ocr_line' id='line_1_44' title="bbox 98 3203 1041 3277; baseline 0.022 -30"><span class='ocrx_word' id='word_1_350' title='bbox 98 3204 416 3265; x_wconf 82' lang='lat' dir='ltr'>peratoriareaerat,fiiium</span> <span class='ocrx_word' id='word_1_351' title='bbox 425 3207 478 3269; x_wconf 79' lang='lat' dir='ltr'>ejus</span> <span class='ocrx_word' id='word_1_352' title='bbox 486 3207 543 3256; x_wconf 92' lang='lat' dir='ltr'>sinu</span> <span class='ocrx_word' id='word_1_353' title='bbox 553 3208 712 3272; x_wconf 82' lang='lat' dir='ltr'>complexus,</span> <span class='ocrx_word' id='word_1_354' title='bbox 723 3220 750 3258; x_wconf 88' lang='lat' dir='ltr'>et</span> <span class='ocrx_word' id='word_1_355' title='bbox 756 3212 862 3277; x_wconf 76' lang='lat' dir='ltr'>genibus</span> <span class='ocrx_word' id='word_1_356' title='bbox 871 3215 996 3267; x_wconf 86' lang='lat' dir='ltr'>accidens:</span> <span class='ocrx_word' id='word_1_357' title='bbox 1040 3203 1041 3210; x_wconf 10' lang='grc' dir='ltr'>ἵ</span> 
     </span>
     <span class='ocr_line' id='line_1_45' title="bbox 97 3275 1043 3352; baseline 0.02 -27"><span class='ocrx_word' id='word_1_358' title='bbox 97 3287 197 3325; x_wconf 81' lang='lat' dir='ltr'>seusam</span> <span class='ocrx_word' id='word_1_359' title='bbox 208 3275 364 3331; x_wconf 81' lang='lat' dir='ltr'>conlationis</span> <span class='ocrx_word' id='word_1_360' title='bbox 376 3281 510 3350; x_wconf 84' lang='lat' dir='ltr'>querenti,</span> <span class='ocrx_word' id='word_1_361' title='bbox 522 3296 598 3331; x_wconf 84' lang='lat' dir='ltr'>anon</span> <span class='ocrx_word' id='word_1_362' title='bbox 607 3296 634 3332; x_wconf 89' lang='lat' dir='ltr'>se</span> <span class='ocrx_word' id='word_1_363' title='bbox 642 3281 746 3349; x_wconf 85' lang='lat' dir='ltr'>proprio</span> <span class='ocrx_word' id='word_1_364' title='bbox 754 3293 840 3352; x_wconf 81' lang='lat' dir='ltr'>mesu,</span> <span class='ocrx_word' id='word_1_365' title='bbox 850 3303 899 3338; x_wconf 90' lang='lat' dir='ltr'>nec</span> <span class='ocrx_word' id='word_1_366' title='bbox 910 3289 949 3341; x_wconf 88' lang='lat' dir='ltr'>sui</span> <span class='ocrx_word' id='word_1_367' title='bbox 959 3307 998 3340; x_wconf 82' lang='lat' dir='ltr'>aa·</span> <span class='ocrx_word' id='word_1_368' title='bbox 1041 3275 1043 3346; x_wconf 83' lang='lat' dir='ltr'>i</span> 
     </span>
    </p>
   </div>
   <div class='ocr_carea' id='block_1_6' title="bbox 0 0 1068 3709">
    <p class='ocr_par' dir='ltr' id='par_1_20' title="bbox 0 0 1068 3709">
     <span class='ocr_line' id='line_1_46' title="bbox 0 0 1068 3709; baseline 0 0"><span class='ocrx_word' id='word_1_369' title='bbox 0 0 1068 3709; x_wconf 95' lang='lat' dir='ltr'> </span> 
     </span>
    </p>
   </div>
  </div>
 </body>
</html>
