2100 3709
260 65 264 72 ’
313 86 690 139 ιιιιετοιιιιιιιηωιιι.ι.
844 116 846 119 >
908 77 957 129 525

44 170 167 220 emnium
185 168 331 245 mortalium
347 170 522 237 impudicitil,
539 172 652 236 ignarii,
672 168 776 221 luxurii
793 171 954 238 deterrimos,

42 246 121 293 relut
133 244 167 293 ad
180 243 338 311 perdendum
356 244 491 309 imperium
504 240 615 294 fataliter
633 246 726 294 electos
737 264 765 301 r),
784 262 834 295 non
851 258 954 297 senatus

43 311 168 367 modd'et
183 334 271 384 eques,
283 318 340 381 qula
354 319 438 381 aliqua
451 334 508 385 pars
523 329 549 367 et
562 334 622 367 cura
636 316 793 384 reipublicae,
805 320 849 368 sed
865 320 953 385 vulgus

44 407 153 455 quoque
169 394 253 458 palam
264 408 378 452 moerere.
397 392 450 439 Nec
467 392 516 453 jam
533 394 644 451 recentia
656 408 722 441 saerae
739 394 807 458 pacis
823 396 952 458 exempla,

44 464 96 514 sed
112 467 221 532 repetiti
232 467 359 516 bellorum
377 466 491 518 civilium
506 467 644 525 memorii,
662 479 784 533 coeptam
795 470 887 517 totiens
902 470 958 517 suis'

42 540 201 588 exercitibus
213 539 317 601 urbem,
328 539 471 586 vastitatem
481 539 578 599 ltaliae,
591 539 744 606 direptiones
753 542 953 609 provinciarum,

41 610 219 669 Pharsaliam,
233 610 378 677 Philippos,
394 622 419 659 et
430 610 567 659 'Perusiam
582 626 610 658 ac
626 612 751 660 Mutinam
759 630 787 673 n,
798 626 856 662 nota
868 612 956 677 publi-⁴

45 702 141 735 carum
152 685 263 733 cladium
275 685 395 741 nomina,
410 679 588 747 loquebintur.
605 702 619 732 <r
628 684 710 751 Propi
723 702 839 734 eversum
851 687 954 749 orbem,
1027 715 1028 718 =

42 762 128 810 etiam
142 776 221 827 quum
239 759 271 807 de
284 761 427 826 principatu
441 760 506 809 inter
517 760 599 806 bonos
613 770 768 809 certaretur:
781 760 824 809 sed
836 759 955 809 mansisse
968 817 970 823 X

46 835 82 884 C.
98 836 113 883 J
115 834 182 893 ulio,
196 834 319 900 mansisse
328 834 423 883 Caesare
434 831 551 897 Angusto
559 832 675 891 'rictore‚
688 835 821 901 imperium
833 851 839 885 :
850 830 956 882 ninniu-

45 908 244 958 ramsuisseinb
251 905 955 976 Pompeiollrntoqu'erempublicam.NuncproOtbone‚

44 1000 82 1032 an
92 1000 141 1048 pro
149 983 271 1045 Vitellio,
283 984 308 1030 in
319 984 413 1046 templa
423 980 523 1032 ituros?
533 983 658 1047 Utraaque
671 986 761 1055 impias¹
771 998 870 1051 preces,
884 996 955 1031 utra⁴

44 1073 101 1125 que
112 1056 260 1105 detestanda
271 1067 345 1111 rota,
360 1057 426 1103 inter
441 1055 519 1113 duos,
532 1072 639 1119 quornm
649 1058 717 1106 bello
732 1058 814 1107 solum
825 1058 851 1105 id
863 1058 953 1120 scires,

44 1130 202 1180 deteriorem
211 1128 278 1194 lore,
290 1130 333 1193 qui
342 1130 443 1177 vicisset
450 1145 475 1176 a.
483 1130 561 1176 Erant
569 1162 578 1189 ,
587 1132 630 1193 qui
638 1128 819 1195 Vespasianum
829 1168 834 1186 ,
849 1142 873 1178 et
885 1146 954 1179 arma

32 1202 164 1265 Orientis
177 1212 380 1265 angurarenture
392 1211 435 1258 et,
451 1210 479 1246 ut
493 1200 579 1263 potior
596 1212 703 1265 utroque
717 1204 900 1267 Vespasianus,
917 1203 953 1250 ita

42 1276 148 1330 bellum
159 1275 244 1335 aliud,
257 1286 333 1339 atque
348 1274 408 1321 alias
418 1273 502 1322 clades
513 1273 660 1333 horrebant.¹
672 1276 829 1341 lat-ambigua
844 1276 874 1324 de
886 1276 951 1325 Ves-

45 1350 157 1417 pasiano
173 1349 239 1398 lama
254 1367 260 1397 :
275 1350 391 1414 solusque
408 1348 524 1397 omnium
542 1344 600 1399 ant'e
617 1364 642 1397 se
658 1350 802 1427 principum
819 1351 845 1397 in
861 1350 954 1398 melius·

40 1434 161 1473 mutatus
172 1435 219 1473 eti·
289 1459 290 1462 =

74 1499 121 1545 LI.
141 1496 218 1545 Nunc
232 1496 304 1544 initia
321 1495 456 1560 clusasque
472 1494 557 1545 motds
573 1494 704 1543 Vitelliani
721 1494 861 1560 expediam.
879 1494 949 1543 Caeso

39 1587 106 1621 cnm
117 1570 236 1619 omnibus
252 1570 332 1633 copiis
346 1567 414 1617 Julio
429 1570 549 1628 Vindice,
567 1568 636 1618 ferox
647 1568 727 1634 prada
737 1568 863 1632 gloriique
876 1584 949 1616 exer-

39 1648 130 1702 citus,
142 1656 170 1691 ot
179 1646 219 1692 eui
227 1680 234 1703 ,
245 1645 299 1692 sine
308 1643 396 1692 labore
405 1661 435 1691 ac
442 1645 572 1710 periculo,
582 1642 701 1693 ditissimi
709 1644 767 1691 belli
776 1644 879 1693 victoria
889 1660 949 1692 ere·

40 1722 143 1775 nisset,
154 1715 343 1783 expeditionem
354 1729 381 1765 et
390 1720 469 1771 aciem
477 1756 484 1777 ‚
492 1718 594 1784 praemia
603 1716 678 1783 quim
689 1718 812 1783 stipendia
822 1718 931 1775 malebat
941 1736 947 1766 :

42 1791 145 1855 dirique
163 1791 345 1842 infructuosam
363 1804 389 1839 et
399 1808 513 1856 asperam
532 1792 649 1841 militiam
664 1792 832 1855 toleraverat,
845 1793 947 1857 ingenio

40 1866 100 1913 loci
109 1862 223 1927 coelique,
235 1875 259 1911 et
267 1864 399 1924 sere'ritate
409 1864 545 1931 disciplinae
551 1888 559 1926 5
568 1882 644 1929 quam
654 1867 678 1913 in
689 1882 748 1931 pace
756 1866 948 1925 inexorabilem,

39 1936 177 1987 discordie
190 1939 284 1986 civium
295 1940 443 1996 resolvunt,
455 1942 550 2003 paratis
564 1940 691 2003 utrimque
704 1940 906 2004 corruptoribus,
923 1949 948 1988 et

38 2009 152 2079 perfidia
166 2011 300 2076 impuniti.
312 2011 371 2058 Viri
381 2047 388 2070 ‚
398 2026 482 2068 arma,
495 2012 609 2074 equi‚ad
618 2030 705 2068 usum.
720 2025 747 2062 et
760 2013 792 2060 ad
802 2012 892 2073 decus,
905 2023 949 2060 stt·

40 2095 175 2151 pererant.
187 2083 236 2132 Sed
247 2094 305 2130 ante
314 2082 424 2143 bellum,
438 2082 563 2129 centurias
573 2082 736 2131 tautitmeuas
746 2096 888 2146 turmasque
902 2100 952 2132 no·

39 2163 151 2207 nerant:
166 2156 290 2204 exercitus
300 2154 392 2203 linibus
400 2154 588 2219 provinciarum
598 2152 803 2202 discernebantur
814 2173 819 2201 ε
836 2146 950 2203 tiim'ad-
977 2200 978 2203 ,

39 2229 135 2281 'versus
151 2230 286 2278 Vindicem
300 2239 434 2279 contractae
448 2228 577 2293 legiones,
592 2242 668 2291 reque
685 2239 710 2276 et
723 2228 817 2277 Gallias
828 2240 951 2294 expertae,

41 2321 157 2371 quaerere
165 2302 253 2355 rursrie
265 2320 349 2359 arma,
360 2318 487 2365 novasque
498 2300 638 2351 discordias
650 2338 656 2366 ‚
668 2298 715 2351 nec
727 2305 824 2359 socios,
836 2314 865 2351 ut
874 2304 951 2363 olim',

41 2380 91 2429 sed
101 2382 208 2432 hostes,
222 2388 247 2424 et
257 2379 342 2426 victor
353 2376 487 2423 vocabant.
496 2376 552 2423 Nec
563 2374 648 2422 deerat
656 2390 714 2439 pars
726 2375 866 2422 Galliarum
878 2412 884 2433 ‚
897 2392 949 2437 quae

41 2454 165 2503 Rhenum
175 2451 267 2499 accolit
276 2486 283 2507 ,
292 2448 487 2517 easdemtpartes
498 2460 585 2496 secuta
592 2482 599 2505 ,
608 2463 636 2495 ac
650 2460 703 2496 tum
716 2450 836 2495 acerrima
848 2448 950 2512 instiga-

42 2528 98 2579 trix
115 2520 237 2571 adres-sira
254 2522 428 2573 Galbianos.-
439 2518 489 2566 boc
501 2522 569 2568 enim
581 2536 688 2583 nomen,
701 2518 815 2568 fastidito
825 2518 949 2577 Vindice,
991 2579 993 2583 ,

42 2597 202 2647 indiderant.
212 2595 292 2659 Igitur
300 2592 585 2657 SequanisAEduisque,
598 2609 626 2639 ac
638 2591 742 2651 deinde,
752 2603 828 2657 prout
839 2596 950 2658 opulen-

42 2672 83 2721 tia
100 2669 245 2717 civitatibus
261 2679 329 2723 erat,
346 2666 450 2730 infensi,
466 2665 664 2730 expugnationes
672 2666 786 2731 urbium¹
802 2665 949 2733 populatio-

41 2760 91 2793 nes
100 2758 234 2807 agrorum,
244 2754 331 2807 raptus
339 2742 472 2789 Penatium
483 2736 620 2788 hauserunt
630 2740 713 2789 animo
722 2757 727 2787 :
736 2758 812 2805 super
819 2741 949 2789 avaritiam

45 2831 72 2867 et
84 2816 261 2879 arrogantiam,
270 2814 393 2879 praecipua
404 2812 556 2859 validiorum
566 2813 638 2875 vitia,
647 2812 806 2861 'coutumaori
816 2815 949 2863 Gallorum

45 2891 155 2944 irritati,
166 2890 209 2951 qui
221 2888 372 2935 tremissam
382 2887 429 2934 sibi
439 2884 453 2933 a
463 2884 544 2933 Galbsi
554 2897 668 2949 quartam
679 2886 830 2934 tributorum
840 2900 952 2953 partem,

46 2980 73 3016 et
82 2962 185 3031 publici
196 2963 316 3018 donatos,
326 2960 353 3010 in
361 2961 525 3025 ignominiam
534 2959 680 3007 exercitrls»
693 2960 825 3022 jactabant.
838 2960 951 3011 Accessit
972 3008 975 3015 Δ

48 3040 143 3091 callide
160 3041 305 3103 vulgatum,
325 3038 421 3085 temere
441 3037 582 3099 creditum,
606 3038 758 3087 edecumari
780 3038 906 3100 legiones,
925 3048 950 3085 et

46 3116 266 3186 promptissimum
275 3129 400 3179 quemque
407 3113 581 3163 centurionum
591 3112 719 3160 dimittis:
730 3110 841 3172 undique
854 3120 950 3160 atroces

46 3191 145 3247 nuntii,
160 3190 259 3237 sinistra
270 3204 301 3235 ex
317 3187 381 3235 urbe
391 3183 474 3241 fama3
488 3182 583 3242 infensa
595 3184 771 3248 Lugdunensis
783 3169 894 3243 colonia,
909 3194 949 3240 et,

48 3264 174 3346 pertinaci
189 3278 237 3330 pro
252 3261 352 3335 lierone
368 3255 417 3312 fiee
424 3293 432 3324 ,
445 3256 553 3312 ltcunda
567 3256 723 3310 rumoribus.
739 3256 787 3306 Sed
799 3255 906 3321 plurima
919 3254 950 3333 ad
