2100 3709
65 71 116 126 ata
378 80 407 120 e.
423 79 517 121 coar.
536 77 656 120 raeiri

66 179 205 232 capessere.
223 160 301 212 illum
316 156 445 230 Primum,
460 164 547 211 Roma
557 174 659 222 ortum,
673 161 719 210 ne'c
734 159 869 222 obsidem,
883 151 985 213 sedc'rss

67 253 140 295 rem,
150 237 186 286 ire
197 248 330 286 externum
338 235 371 284 ad
382 236 548 302 imperiumn.
559 240 595 283 Ac
605 234 769 299 primoslaetus
781 235 922 286 Germanis
933 235 984 286 ad·

67 322 176 368 ventas,
188 320 263 374 atque
274 308 305 358 ed
313 308 409 373 magis,
426 306 496 372 qudd
506 307 583 355 nullia
594 302 727 355 discordiis
742 307 870 368 imbutus,
885 310 948 375 pari
960 310 985 358 in

67 401 158 436 omnes
167 386 251 434 studio
262 395 364 448 ageret3
374 383 512 440 celebrari,
521 382 585 442 coli,
597 381 674 430 modd
686 383 832 432 comitatem
842 394 868 430 et
881 393 986 450 tempe

66 459 178 509 nudam
192 459 259 507 nulli
273 458 393 516 insitam,
416 454 507 522 sepitis
521 457 687 506 vinolentiam
704 471 733 503 ac
753 455 893 520 libidines,
912 469 987 522 grata

69 532 198 596 barbaris,
213 549 347 600 usurpans.
355 531 462 597 Jamque
471 531 539 598 apud
548 533 679 598 proximos
686 568 694 595 ,
709 529 759 592 iani
773 531 872 596 longius
882 533 988 582 clares·

69 620 129 654 cere
139 623 146 653 ε
158 619 237 670 quum
248 607 388 671 potentiam
397 603 451 667 ejus
460 616 646 671 suspectantes,
657 605 701 668 qui
709 601 865 652 factionibus
879 605 986 656 florue-

68 687 142 738 rant,
152 675 284 726 discedunt
294 676 328 724 ad
334 678 506 726 conterminos
513 677 632 744 populos,
643 691 671 723 aa
680 675 863 740 testificantur,
878 676 987 726 tadimi

71 747 334 802 veteremGessnanise
343 750 499 807 libertatem,
510 753 670 799 ctRomanas
684 765 746 814 opes
756 750 886 815 insurgere
899 768 906 797 :
920 751 990 801 adeo

69 822 198 872 nemin'ens
213 821 305 872 iisdem
314 823 341 871 in
354 824 428 872 terris
439 832 541 884 ortum,
553 825 597 887 qui
607 823 748 888 principem
762 823 847 872 locum
860 824 973 889 impleat
980 859 990 890 ‚

68 894 119 945 nisi
130 895 296 960 exploratoris
305 896 387 944 Flavii
395 897 527 960 ptogepies
536 911 611 958 supra
621 906 726 943 cunctos
737 895 888 944 attollatur?
902 899 990 946 Frus-

69 966 110 1016 trl
123 965 269 1016 Arminium
280 969 425 1035 prescribi:
439 969 511 1031 cuius
523 969 543 1016 si
553 969 636 1026 lilius,
654 967 740 1018 hostili
753 969 780 1016 iu
794 969 849 1018 solo
860 968 990 1032 adultus,

71 1039 100 1088 in
109 1055 217 1105 regnum
226 1043 354 1101 venisset,
371 1057 445 1108 posse
457 1041 590 1101 extimeat
597 1079 605 1106 ,
617 1042 738 1092 infectum
747 1041 868 1092 alimonio
880 1079 887 1102 ,
899 1045 991 1092 serri-

72 1110 111 1159 tio
121 1147 128 1169 ,
140 1116 225 1171 cultu,
239 1117 359 1179 omnibus
369 1115 480 1166 externis
498 1135 504 1165 ε
524 1127 551 1165 at
562 1119 583 1166 si
594 1131 697 1184 paterna
711 1116 800 1166 italico
811 1133 883 1165 mens
898 1129 970 1167 esset
980 1154 990 1178 ,

72 1199 125 1234 non
140 1187 218 1236 alium
228 1187 349 1238 inlensiirs
359 1205 429 1238 arma
445 1202 534 1240 contra
547 1193 654 1260 patriam
663 1207 692 1240 ae
703 1189 763 1240 deos
773 1201 895 1258 penates,
906 1189 989 1256 quior

72 1274 206 1330 parentem
217 1263 271 1326 eius
280 1263 454 1313 exercuisses.
857 1263 866 1270 ”

76 1396 79 1401 Γ
107 1334 193 1385 xvu.
207 1337 253 1387 His
262 1349 338 1401 atque
349 1337 442 1388 talibus
451 1352 554 1403 magnus
564 1338 650 1404 copias
660 1335 772 1402 coeglre:
785 1335 840 1386 Nee
851 1334 993 1402 pauciores

73 1403 191 1457 Italicum
201 1411 371 1474 sequebantur
382 1428 389 1460 ε
404 1427 479 1460 anon
491 1413 560 1461 enim
572 1413 692 1477 irrupisse
701 1405 733 1458 ad
743 1409 851 1466 invitos,
862 1404 905 1455 sed
916 1407 992 1454 aeci-

73 1487 161 1531 tumu‘
168 1483 344 1533 memorabant
355 1501 362 1532 ι
377 1483 500 1548 uquarsdo
511 1485 646 1533 nobilitate
657 1495 753 1532 ceteros
763 1483 884 1538 anteiret,
900 1479 992 1527 ristu-

73 1564 128 1604 tem
139 1559 313 1622 experirentur
323 1594 332 1615 ,
342 1573 374 1605 sn
384 1556 488 1620 dignum
501 1572 527 1603 se
536 1568 627 1618 patruo
638 1555 770 1608 Arminio,
783 1569 832 1600 aro
845 1555 989 1602 Catumero
1039 1549 1040 1582 t

73 1630 218 1694 preberet:
236 1645 283 1677 nec
298 1641 397 1692 patrem
413 1627 518 1681 rubori,
536 1623 605 1685 quod
622 1623 698 1672 fidem
711 1623 831 1672 advertiis
841 1627 989 1686 Romanos,

74 1701 220 1748 solentibus
229 1697 365 1747 Germanis
374 1706 500 1760 sumptam
508 1729 516 1752 ,
525 1711 655 1761 uunquam
668 1697 795 1746 omisisset
808 1712 814 1742 x
828 1694 892 1745 lalsd
903 1699 991 1748 liber·
1039 1685 1040 1748 Ϊ

75 1772 136 1820 tatis
144 1770 295 1819 vocabulum
308 1767 413 1817 obtendi
428 1766 516 1828 abiis,
527 1767 856 1832 quip‘rivatimdegeneres‚
868 1769 892 1816 in
903 1771 991 1838 publi·
1039 1803 1040 1822 i

76 1859 136 1894 eum
147 1843 263 1900 exitiosi,
272 1839 337 1890 nihil
347 1842 401 1906 spei
409 1875 417 1900 ‚
425 1839 475 1888 nisi
483 1855 529 1904 per
539 1839 677 1890 discordias
686 1841 795 1891 babeant
806 1859 831 1891 n.
845 1840 991 1910 Adstrepe-
1039 1823 1040 1882 i

66 1917 121 1965 'bat
128 1915 188 1964 lanio
195 1915 277 1975 alacre
282 1912 373 1976 vulgus
379 1929 388 1976 ᾗ
398 1922 424 1960 et
433 1927 526 1976 magno
536 1913 603 1962 inter
610 1913 731 1964 barbaros
740 1914 827 1979 praelio
837 1916 991 1986 victoirex3
1039 1911 1040 1950 i

77 1986 137 2036 dein
148 1985 257 2036 secundi
266 1983 367 2033 fortuni
374 1984 406 2032 ad
417 1986 561 2049 superbiam
572 1987 719 2054 prolapsus,
729 1987 867 2055 pulsusque
878 2024 884 2047 ,
894 2005 922 2038 ae
929 2006 990 2042 sur-

77 2059 123 2110 siss
137 2057 362 2123 Langobardorum
372 2057 464 2125 opibus
472 2059 595 2124 relectus,
610 2062 736 2130 perlaeta,
754 2079 799 2130 per
812 2061 932 2125 adversa,
944 2081 988 2118 res
1039 2061 1040 2144 i

77 2130 216 2183 Cheruscas
224 2131 395 2202 adflictsbst.-
414 2148 417 2152 ·
504 2142 506 2146 “
972 2151 974 2158 ·
1039 2157 1040 2162 ’

110 2205 210 2257 xv111.
220 2207 270 2256 Per
283 2205 352 2256 idem
362 2218 463 2274 tempus
477 2205 575 2258 Chauci
582 2246 592 2270 ‚
602 2207 672 2257 nulli
682 2209 838 2260 dissensione
853 2209 934 2277 domi,
958 2223 988 2263 et

78 2292 161 2330 morte
171 2281 301 2345 Sanquinii
312 2282 417 2341 alacres,
427 2281 489 2345 dum
498 2281 611 2340 Corbulo
624 2282 753 2341 adventat,
762 2283 905 2333 inferiorem
917 2280 986 2333 Ger·
1039 2275 1040 2278 Ἴ

76 2355 189 2406 maniam
208 2352 384 2416 incursavere,
403 2353 467 2404 duce
486 2353 639 2405 Gannasco:
652 2359 697 2421 qui
713 2357 816 2406 natione
833 2355 986 2424 (lamuelis,
1039 2397 1040 2420 ᾖ

78 2430 208 2480 auxiliaris
218 2441 245 2479 et
255 2427 301 2478 d'n's
309 2433 430 2495 meritus,
441 2429 503 2496 pdst
509 2429 652 2497 transfuga,
664 2431 764 2482 letibus
774 2431 880 2496 navigiis
889 2431 985 2496 preda·

76 2499 179 2553 bundus
185 2541 196 2565 ,
206 2504 338 2554 Gallorum
346 2505 535 2554 marirndoram
547 2507 674 2563 vastabat,
689 2523 741 2555 nou
755 2506 873 2570 ignarus,
884 2503 946 2554 dites
960 2515 986 2555 st

77 2573 194 2626 imbelles
202 2593 265 2626 ease.
275 2577 310 2626 Ar
317 2578 430 2626 Corbulo
436 2578 596 2642 provinciam
606 2574 840 2642 ingressus,magni
850 2591 907 2626 cum
915 2580 984 2638 euri,
1039 2585 1040 2592 ’

76 2657 102 2694 et
120 2663 181 2695 naor
195 2648 291 2711 glomi,
305 2649 347 2695 eui
360 2648 513 2713 principium
527 2648 571 2696 illa
590 2649 680 2698 militia
697 2649 761 2707 luit,
777 2647 893 2696 triremes
910 2651 980 2700 alveo
1039 2679 1040 2682 =

77 2719 178 2778 Rheni,
192 2731 286 2769 ceteras
297 2720 418 2778 narium,
430 2732 460 2770 nt
471 2722 574 2784 quicque
587 2720 684 2770 habiles
695 2735 757 2788 ‚per
769 2720 884 2767 aestuaria*
894 2735 918 2773 et
929 2723 982 2774 los.

78 2805 118 2842 sas
135 2791 238 2856 adegit:
256 2791 424 2858 lintribusque
441 2793 553 2842 hostium
571 2792 710 2861 depressis,
725 2806 751 2844 et
765 2791 898 2844 exturbato
910 2798 979 2846 Gan-

77 2882 155 2917 nasco
166 2903 174 2927 ,
184 2867 228 2915 ubi
239 2867 371 2932 presentia
387 2867 448 2917 satis
461 2869 603 2936 composita
622 2864 697 2933 lunt,
715 2868 827 2934 legiones
842 2880 943 2934 operum
956 2887 981 2924 et

76 2938 174 2990 laboris
182 2939 296 3004 ignaras,
307 2939 514 3005 populationibus
524 2942 651 3002 letantes,
666 2953 778 2992 veterem
791 2939 822 2988 ad
834 2956 926 2992 morem
937 2959 977 2994 re·
1039 2969 1040 2976 ¹

81 3012 171 3079 dusit5
182 3028 214 3061 ne
225 3013 282 3076 quis
294 3014 395 3078 agmine
407 3012 556 3079 decederet,
570 3032 618 3064 nec
626 3031 753 3082 pugnam,
766 3014 815 3062 nisi
825 3012 920 3080 jussus,
932 3017 981 3067 inl-

74 3099 137 3157 ret:
151 3087 289 3145 stationes,
302 3086 403 3150 vigilia,
416 3087 505 3136 diurna
517 3089 804 3154 nocturnaque-munia,
818 3089 844 3135 in
855 3091 925 3139 armis
935 3093 981 3160 sgi-

80 3162 209 3213 tabantur.
226 3160 370 3222 Feruntque
383 3161 534 3223 n-militesn,
549 3157 607 3226 quia
622 3164 716 3212 vallum
729 3179 781 3210 non
791 3161 916 3212 accinctus
926 3201 931 3219 .
941 3177 977 3214 ata
1039 3211 1040 3216 ,

81 3234 241 3298 quealium,
257 3234 315 3297 quia
327 3233 436 3297 pugione
447 3233 546 3283 tautirm
562 3236 689 3283 accinctus
704 3235 821 3294 lederet,
837 3247 915 3285 morte
928 3255 975 3304 pn·
1039 3237 1040 3250 ¹

79 3307 174 3370 sitos»
185 3325 192 3358 ε
203 3323 257 3377 qne
267 3305 345 3363 nimia
352 3341 362 3379 ,-
371 3318 397 3363 et
405 3308 530 3382 instrum
538 3323 571 3361 an
581 3305 644 3366 lslsd
656 3307 870 3379 jactatorlgiaem
879 3311 978 3380 uncti
1039 3351 1040 3374 ;

898 3481 908 3507 tl
