<?xml version="1.0" encoding="UTF-8"?>
<!DOCTYPE html PUBLIC "-//W3C//DTD XHTML 1.0 Transitional//EN"
    "http://www.w3.org/TR/xhtml1/DTD/xhtml1-transitional.dtd">
<html xmlns="http://www.w3.org/1999/xhtml" xml:lang="en" lang="en">
 <head>
  <title>
</title>
<meta http-equiv="Content-Type" content="text/html;charset=utf-8" />
  <meta name='ocr-system' content='tesseract 3.04.00' />
  <meta name='ocr-capabilities' content='ocr_page ocr_carea ocr_par ocr_line ocrx_word'/>
</head>
<body>
  <div class='ocr_page' id='page_1' title='image "./ccorntacitioper00brotgoog_0098.png"; bbox 0 0 2100 3709; ppageno 0'>
   <div class='ocr_carea' id='block_1_1' title="bbox 314 81 965 164">
    <p class='ocr_par' dir='ltr' id='par_1_1' title="bbox 314 81 965 164">
     <span class='ocr_line' id='line_1_1' title="bbox 314 81 965 164; baseline 0.009 -28"><span class='ocrx_word' id='word_1_1' title='bbox 314 93 488 136; x_wconf 74' lang='lat' dir='ltr'>tesaurus</span> <span class='ocrx_word' id='word_1_2' title='bbox 505 91 574 135; x_wconf 80' lang='lat' dir='ltr'>uta.</span> <span class='ocrx_word' id='word_1_3' title='bbox 591 97 637 136; x_wconf 82' lang='lat' dir='ltr'>ru.</span> <span class='ocrx_word' id='word_1_4' title='bbox 882 81 918 164; x_wconf 79' lang='lat'>95</span> <span class='ocrx_word' id='word_1_5' title='bbox 962 134 965 142; x_wconf 91' lang='lat'>.</span> 
     </span>
    </p>
   </div>
   <div class='ocr_carea' id='block_1_2' title="bbox 10 173 995 3320">
    <p class='ocr_par' dir='ltr' id='par_1_2' title="bbox 11 173 927 1128">
     <span class='ocr_line' id='line_1_2' title="bbox 26 173 914 252; baseline 0.007 -20"><span class='ocrx_word' id='word_1_6' title='bbox 26 177 109 232; x_wconf 70' lang='lat' dir='ltr'>sulen</span> <span class='ocrx_word' id='word_1_7' title='bbox 122 173 247 245; x_wconf 76' lang='lat' dir='ltr'>sumpsit3</span> <span class='ocrx_word' id='word_1_8' title='bbox 262 193 368 242; x_wconf 76' lang='lat' dir='ltr'>quaeque</span> <span class='ocrx_word' id='word_1_9' title='bbox 382 175 452 226; x_wconf 78' lang='lat' dir='ltr'>fratri</span> <span class='ocrx_word' id='word_1_10' title='bbox 464 179 517 239; x_wconf 76' lang='lat' dir='ltr'>eins</span> <span class='ocrx_word' id='word_1_11' title='bbox 531 179 627 227; x_wconf 83' lang='lat' dir='ltr'>Neroni</span> <span class='ocrx_word' id='word_1_12' title='bbox 644 177 787 234; x_wconf 81' lang='lat' dir='ltr'>decreverat</span> <span class='ocrx_word' id='word_1_13' title='bbox 797 197 914 252; x_wconf 78' lang='lat' dir='ltr'>sanstus,</span> 
     </span>
     <span class='ocr_line' id='line_1_3' title="bbox 26 249 917 324; baseline 0.013 -26"><span class='ocrx_word' id='word_1_14' title='bbox 26 255 117 315; x_wconf 87' lang='lat' dir='ltr'>repetita</span> <span class='ocrx_word' id='word_1_15' title='bbox 126 269 133 298; x_wconf 89' lang='lat'>:</span> <span class='ocrx_word' id='word_1_16' title='bbox 142 249 244 300; x_wconf 78' lang='lat' dir='ltr'><strong>addidit</strong></span> <span class='ocrx_word' id='word_1_17' title='bbox 251 251 391 298; x_wconf 88' lang='lat' dir='ltr'>orationem</span> <span class='ocrx_word' id='word_1_18' title='bbox 397 251 562 302; x_wconf 76' lang='lat' dir='ltr'>carsrmultl</span> <span class='ocrx_word' id='word_1_19' title='bbox 570 268 629 300; x_wconf 85' lang='lat' dir='ltr'>oum</span> <span class='ocrx_word' id='word_1_20' title='bbox 636 253 711 302; x_wconf 85' lang='lat' dir='ltr'>laude</span> <span class='ocrx_word' id='word_1_21' title='bbox 718 253 765 304; x_wconf 87' lang='lat' dir='ltr'>filii</span> <span class='ocrx_word' id='word_1_22' title='bbox 772 259 820 322; x_wconf 82' lang='lat' dir='ltr'>sui,</span> <span class='ocrx_word' id='word_1_23' title='bbox 829 258 917 324; x_wconf 77' lang='lat' dir='ltr'>squdd</span> 
     </span>
     <span class='ocr_line' id='line_1_4' title="bbox 25 324 917 398; baseline 0.015 -27"><span class='ocrx_word' id='word_1_24' title='bbox 25 326 92 390; x_wconf 77' lang='lat' dir='ltr'>patrii</span> <span class='ocrx_word' id='word_1_25' title='bbox 101 324 278 382; x_wconf 71' lang='lat' dir='ltr'>benevolentii</span> <span class='ocrx_word' id='word_1_26' title='bbox 288 327 315 371; x_wconf 88' lang='lat' dir='ltr'>in</span> <span class='ocrx_word' id='word_1_27' title='bbox 328 324 409 374; x_wconf 78' lang='lat' dir='ltr'>fratris</span> <span class='ocrx_word' id='word_1_28' title='bbox 420 325 515 374; x_wconf 80' lang='lat' dir='ltr'>liberos</span> <span class='ocrx_word' id='word_1_29' title='bbox 530 327 629 386; x_wconf 48' lang='lat' dir='ltr'>loreto,</span> <span class='ocrx_word' id='word_1_30' title='bbox 640 327 706 378; x_wconf 86' lang='lat' dir='ltr'>Nam</span> <span class='ocrx_word' id='word_1_31' title='bbox 716 328 812 380; x_wconf 74' lang='lat' dir='ltr'>Drusus</span> <span class='ocrx_word' id='word_1_32' title='bbox 824 333 917 398; x_wconf 88' lang='lat' dir='ltr'>(quan-</span> 
     </span>
     <span class='ocr_line' id='line_1_5' title="bbox 25 398 919 478; baseline 0.015 -33"><span class='ocrx_word' id='word_1_33' title='bbox 25 415 90 464; x_wconf 84' lang='lat' dir='ltr'>quam</span> <span class='ocrx_word' id='word_1_34' title='bbox 103 399 210 447; x_wconf 87' lang='lat' dir='ltr'>arduum</span> <span class='ocrx_word' id='word_1_35' title='bbox 227 399 277 454; x_wconf 87' lang='lat' dir='ltr'>sit,</span> <span class='ocrx_word' id='word_1_36' title='bbox 293 398 382 447; x_wconf 88' lang='lat' dir='ltr'>eodem</span> <span class='ocrx_word' id='word_1_37' title='bbox 399 398 448 447; x_wconf 89' lang='lat' dir='ltr'>loci</span> <span class='ocrx_word' id='word_1_38' title='bbox 469 400 609 464; x_wconf 86' lang='lat' dir='ltr'>potentiam</span> <span class='ocrx_word' id='word_1_39' title='bbox 629 413 655 450; x_wconf 90' lang='lat' dir='ltr'>et</span> <span class='ocrx_word' id='word_1_40' title='bbox 672 405 836 456; x_wconf 79' lang='lat' dir='ltr'><strong>concordiam</strong></span> <span class='ocrx_word' id='word_1_41' title='bbox 850 409 919 478; x_wconf 75' lang='lat' dir='ltr'>ease}</span> 
     </span>
     <span class='ocr_line' id='line_1_6' title="bbox 19 471 921 538; baseline 0.007 -16"><span class='ocrx_word' id='word_1_42' title='bbox 19 489 98 538; x_wconf 83' lang='lat' dir='ltr'>-aequus</span> <span class='ocrx_word' id='word_1_43' title='bbox 112 473 328 528; x_wconf 71' lang='lat' dir='ltr'>adolescentibus,</span> <span class='ocrx_word' id='word_1_44' title='bbox 341 483 385 520; x_wconf 90' lang='lat' dir='ltr'>aut</span> <span class='ocrx_word' id='word_1_45' title='bbox 402 471 470 520; x_wconf 76' lang='lat' dir='ltr'>certe</span> <span class='ocrx_word' id='word_1_46' title='bbox 487 489 539 522; x_wconf 88' lang='lat' dir='ltr'>non</span> <span class='ocrx_word' id='word_1_47' title='bbox 556 471 675 522; x_wconf 82' lang='lat' dir='ltr'>adversus</span> <span class='ocrx_word' id='word_1_48' title='bbox 687 473 837 530; x_wconf 74' lang='lat' dir='ltr'>habebatur.</span> <span class='ocrx_word' id='word_1_49' title='bbox 855 481 921 532; x_wconf 79' lang='lat' dir='ltr'>Exin</span> 
     </span>
     <span class='ocr_line' id='line_1_7' title="bbox 27 543 923 612; baseline 0.011 -18"><span class='ocrx_word' id='word_1_50' title='bbox 27 561 89 596; x_wconf 81' lang='lat' dir='ltr'>retus</span> <span class='ocrx_word' id='word_1_51' title='bbox 97 557 123 595; x_wconf 88' lang='lat' dir='ltr'>et</span> <span class='ocrx_word' id='word_1_52' title='bbox 132 545 196 611; x_wconf 71' lang='lat' dir='ltr'>saepi</span> <span class='ocrx_word' id='word_1_53' title='bbox 207 545 353 594; x_wconf 82' lang='lat' dir='ltr'>simulatum</span> <span class='ocrx_word' id='word_1_54' title='bbox 361 543 537 611; x_wconf 82' lang='lat' dir='ltr'>proficiscendi</span> <span class='ocrx_word' id='word_1_55' title='bbox 547 546 574 595; x_wconf 86' lang='lat' dir='ltr'>in</span> <span class='ocrx_word' id='word_1_56' title='bbox 585 548 725 612; x_wconf 80' lang='lat' dir='ltr'>provincias</span> <span class='ocrx_word' id='word_1_57' title='bbox 734 552 870 602; x_wconf 78' lang='lat' dir='ltr'>consilium</span> <span class='ocrx_word' id='word_1_58' title='bbox 881 570 923 604; x_wconf 89' lang='lat' dir='ltr'>re·</span> 
     </span>
     <span class='ocr_line' id='line_1_8' title="bbox 27 617 925 690; baseline 0.01 -22"><span class='ocrx_word' id='word_1_59' title='bbox 27 620 110 669; x_wconf 80' lang='lat' dir='ltr'>fertur:</span> <span class='ocrx_word' id='word_1_60' title='bbox 126 617 335 668; x_wconf 67' lang='lat' dir='ltr'>«multitudinem</span> <span class='ocrx_word' id='word_1_61' title='bbox 347 627 526 668; x_wconf 84' lang='lat' dir='ltr'>veteranorum</span> <span class='ocrx_word' id='word_1_62' title='bbox 540 622 710 690; x_wconf 78' lang='lat' dir='ltr'>proelexebat</span> <span class='ocrx_word' id='word_1_63' title='bbox 721 625 884 688; x_wconf 73' lang='lat' dir='ltr'>imperator,</span> <span class='ocrx_word' id='word_1_64' title='bbox 897 637 925 682; x_wconf 80' lang='lat' dir='ltr'>et</span> 
     </span>
     <span class='ocr_line' id='line_1_9' title="bbox 28 689 923 756; baseline 0.007 -15"><span class='ocrx_word' id='word_1_65' title='bbox 28 693 155 742; x_wconf 84' lang='lat' dir='ltr'>delectibus</span> <span class='ocrx_word' id='word_1_66' title='bbox 161 689 315 756; x_wconf 80' lang='lat' dir='ltr'>supplendos</span> <span class='ocrx_word' id='word_1_67' title='bbox 321 692 702 756; x_wconf 78' lang='lat' dir='ltr'>exercitus:namvoluntarium</span> <span class='ocrx_word' id='word_1_68' title='bbox 708 697 923 750; x_wconf 81' lang='lat' dir='ltr'>militemdeesee·</span> 
     </span>
     <span class='ocr_line' id='line_1_10' title="bbox 28 735 927 840; baseline 0.013 -28"><span class='ocrx_word' id='word_1_69' title='bbox 28 767 77 813; x_wconf 87' lang='lat' dir='ltr'>acsi</span> <span class='ocrx_word' id='word_1_70' title='bbox 85 764 240 831; x_wconf 76' lang='lat' dir='ltr'>suppeditet,</span> <span class='ocrx_word' id='word_1_71' title='bbox 255 782 308 812; x_wconf 87' lang='lat' dir='ltr'>uon</span> <span class='ocrx_word' id='word_1_72' title='bbox 317 763 405 814; x_wconf 76' lang='lat' dir='ltr'>eldam</span> <span class='ocrx_word' id='word_1_73' title='bbox 416 764 511 815; x_wconf 78' lang='lat' dir='ltr'>virtute</span> <span class='ocrx_word' id='word_1_74' title='bbox 521 783 549 816; x_wconf 83' lang='lat' dir='ltr'>ac</span> <span class='ocrx_word' id='word_1_75' title='bbox 562 766 685 818; x_wconf 73' lang='lat' dir='ltr'>modestia</span> <span class='ocrx_word' id='word_1_76' title='bbox 694 786 766 836; x_wconf 86' lang='lat' dir='ltr'>agere</span> <span class='ocrx_word' id='word_1_77' title='bbox 778 787 784 818; x_wconf 76' lang='grc' dir='ltr'><strong><em>ε</em></strong></span> <span class='ocrx_word' id='word_1_78' title='bbox 797 774 854 836; x_wconf 85' lang='lat' dir='ltr'>quia</span> <span class='ocrx_word' id='word_1_79' title='bbox 867 735 927 840; x_wconf 60' lang='lat' dir='ltr'>plel</span> 
     </span>
     <span class='ocr_line' id='line_1_11' title="bbox 29 839 926 913; baseline 0.01 -25"><span class='ocrx_word' id='word_1_80' title='bbox 29 856 125 904; x_wconf 88' lang='lat' dir='ltr'>rumque</span> <span class='ocrx_word' id='word_1_81' title='bbox 136 841 225 905; x_wconf 86' lang='lat' dir='ltr'>inopes</span> <span class='ocrx_word' id='word_1_82' title='bbox 239 855 268 888; x_wconf 84' lang='lat' dir='ltr'>ac</span> <span class='ocrx_word' id='word_1_83' title='bbox 276 841 333 904; x_wconf 82' lang='lat' dir='ltr'>vagi</span> <span class='ocrx_word' id='word_1_84' title='bbox 345 839 435 906; x_wconf 64' lang='lat' dir='ltr'>sponte</span> <span class='ocrx_word' id='word_1_85' title='bbox 446 842 564 891; x_wconf 88' lang='lat' dir='ltr'>militiam</span> <span class='ocrx_word' id='word_1_86' title='bbox 575 854 699 892; x_wconf 81' lang='lat' dir='ltr'>sumant»</span> <span class='ocrx_word' id='word_1_87' title='bbox 713 861 719 892; x_wconf 71' lang='grc' dir='ltr'><strong>ε</strong></span> <span class='ocrx_word' id='word_1_88' title='bbox 732 851 926 913; x_wconf 76' lang='lat' dir='ltr'>percensuitque</span> 
     </span>
     <span class='ocr_line' id='line_1_12' title="bbox 29 912 926 982; baseline 0.01 -21"><span class='ocrx_word' id='word_1_89' title='bbox 29 916 112 962; x_wconf 84' lang='lat' dir='ltr'>cursim</span> <span class='ocrx_word' id='word_1_90' title='bbox 121 912 411 977; x_wconf 87' lang='lat' dir='ltr'>numerumlegionum,</span> <span class='ocrx_word' id='word_1_91' title='bbox 422 925 448 963; x_wconf 89' lang='lat' dir='ltr'>et</span> <span class='ocrx_word' id='word_1_92' title='bbox 456 915 518 980; x_wconf 80' lang='lat' dir='ltr'>quas</span> <span class='ocrx_word' id='word_1_93' title='bbox 529 917 672 980; x_wconf 85' lang='lat' dir='ltr'>provincias</span> <span class='ocrx_word' id='word_1_94' title='bbox 682 928 836 968; x_wconf 84' lang='lat' dir='ltr'>tutarentur.</span> <span class='ocrx_word' id='word_1_95' title='bbox 849 919 926 982; x_wconf 86' lang='lat' dir='ltr'>Quod</span> 
     </span>
     <span class='ocr_line' id='line_1_13' title="bbox 11 985 927 1058; baseline 0.009 -23"><span class='ocrx_word' id='word_1_96' title='bbox 11 1040 12 1043; x_wconf 8' lang='grc' dir='ltr'><strong>Ἴ</strong></span> <span class='ocrx_word' id='word_1_97' title='bbox 30 987 84 1036; x_wconf 87' lang='lat' dir='ltr'>nribi</span> <span class='ocrx_word' id='word_1_98' title='bbox 93 1002 194 1052; x_wconf 86' lang='lat' dir='ltr'>qnoque</span> <span class='ocrx_word' id='word_1_99' title='bbox 208 985 394 1050; x_wconf 74' lang='lat' dir='ltr'>exsequendum</span> <span class='ocrx_word' id='word_1_100' title='bbox 407 986 477 1050; x_wconf 67' lang='grc' dir='ltr'><strong><em>ταοὶ,</em></strong></span> <span class='ocrx_word' id='word_1_101' title='bbox 490 1005 544 1054; x_wconf 81' lang='lat' dir='ltr'>quae</span> <span class='ocrx_word' id='word_1_102' title='bbox 558 1001 614 1038; x_wconf 85' lang='lat' dir='ltr'>tum</span> <span class='ocrx_word' id='word_1_103' title='bbox 626 991 740 1039; x_wconf 72' lang='lat' dir='ltr'>Romana</span> <span class='ocrx_word' id='word_1_104' title='bbox 755 994 826 1058; x_wconf 88' lang='lat' dir='ltr'>copia</span> <span class='ocrx_word' id='word_1_105' title='bbox 841 992 867 1044; x_wconf 90' lang='lat' dir='ltr'>in</span> <span class='ocrx_word' id='word_1_106' title='bbox 880 1011 927 1046; x_wconf 84' lang='lat' dir='ltr'>ar-</span> 
     </span>
     <span class='ocr_line' id='line_1_14' title="bbox 30 1058 788 1128; baseline 0.008 -19"><span class='ocrx_word' id='word_1_107' title='bbox 30 1061 86 1123; x_wconf 87' lang='lat' dir='ltr'>nis,</span> <span class='ocrx_word' id='word_1_108' title='bbox 98 1061 140 1124; x_wconf 89' lang='lat' dir='ltr'>qni</span> <span class='ocrx_word' id='word_1_109' title='bbox 150 1059 213 1106; x_wconf 87' lang='lat' dir='ltr'>socii</span> <span class='ocrx_word' id='word_1_110' title='bbox 220 1075 306 1123; x_wconf 81' lang='lat' dir='ltr'>reges,</span> <span class='ocrx_word' id='word_1_111' title='bbox 316 1058 411 1122; x_wconf 74' lang='lat' dir='ltr'>quantis</span> <span class='ocrx_word' id='word_1_112' title='bbox 421 1061 455 1109; x_wconf 86' lang='lat' dir='ltr'>ait</span> <span class='ocrx_word' id='word_1_113' title='bbox 463 1061 594 1127; x_wconf 76' lang='lat' dir='ltr'>angustius</span> <span class='ocrx_word' id='word_1_114' title='bbox 606 1063 788 1128; x_wconf 82' lang='lat' dir='ltr'>imperitatum.</span> 
     </span>
    </p>

    <p class='ocr_par' dir='ltr' id='par_1_3' title="bbox 32 1133 943 1348">
     <span class='ocr_line' id='line_1_15' title="bbox 58 1133 943 1208; baseline 0.011 -26"><span class='ocrx_word' id='word_1_115' title='bbox 58 1135 87 1182; x_wconf 86' lang='lat' dir='ltr'>V.</span> <span class='ocrx_word' id='word_1_116' title='bbox 103 1133 202 1181; x_wconf 87' lang='lat' dir='ltr'>Italiam</span> <span class='ocrx_word' id='word_1_117' title='bbox 215 1145 323 1197; x_wconf 86' lang='lat' dir='ltr'>utroque</span> <span class='ocrx_word' id='word_1_118' title='bbox 337 1135 402 1180; x_wconf 86' lang='lat' dir='ltr'>mari</span> <span class='ocrx_word' id='word_1_119' title='bbox 412 1134 466 1182; x_wconf 76' lang='lat' dir='ltr'>dua</span> <span class='ocrx_word' id='word_1_120' title='bbox 480 1136 587 1196; x_wconf 84' lang='lat' dir='ltr'>classes,</span> <span class='ocrx_word' id='word_1_121' title='bbox 598 1137 727 1200; x_wconf 82' lang='lat' dir='ltr'>¹Misenum</span> <span class='ocrx_word' id='word_1_122' title='bbox 740 1136 822 1208; x_wconf 83' lang='lat' dir='ltr'>apud,</span> <span class='ocrx_word' id='word_1_123' title='bbox 835 1152 861 1188; x_wconf 85' lang='lat' dir='ltr'>et</span> <span class='ocrx_word' id='word_1_124' title='bbox 871 1141 943 1192; x_wconf 85' lang='lat' dir='ltr'>Ra·-</span> 
     </span>
     <span class='ocr_line' id='line_1_16' title="bbox 32 1206 928 1278; baseline 0.008 -22"><span class='ocrx_word' id='word_1_125' title='bbox 32 1219 129 1256; x_wconf 79' lang='lat' dir='ltr'>v‘euuam</span> <span class='ocrx_word' id='word_1_126' title='bbox 136 1225 145 1271; x_wconf 75' lang='lat'>3</span> <span class='ocrx_word' id='word_1_127' title='bbox 152 1207 352 1272; x_wconf 82' lang='lat' dir='ltr'>proximumque</span> <span class='ocrx_word' id='word_1_128' title='bbox 361 1206 451 1254; x_wconf 70' lang='lat' dir='ltr'>Gallia</span> <span class='ocrx_word' id='word_1_129' title='bbox 459 1208 532 1256; x_wconf 89' lang='lat' dir='ltr'>littus</span> <span class='ocrx_word' id='word_1_130' title='bbox 540 1219 653 1260; x_wconf 75' lang='lat' dir='ltr'>rostrata</span> <span class='ocrx_word' id='word_1_131' title='bbox 662 1223 739 1260; x_wconf 83' lang='lat' dir='ltr'>naves</span> <span class='ocrx_word' id='word_1_132' title='bbox 747 1213 928 1278; x_wconf 64' lang='lat' dir='ltr'>praesidebant,</span> 
     </span>
     <span class='ocr_line' id='line_1_17' title="bbox 32 1275 943 1348; baseline 0.008 -20"><span class='ocrx_word' id='word_1_133' title='bbox 32 1296 85 1344; x_wconf 85' lang='lat' dir='ltr'>quas</span> <span class='ocrx_word' id='word_1_134' title='bbox 98 1279 202 1328; x_wconf 75' lang='lat' dir='ltr'>Actiaci</span> <span class='ocrx_word' id='word_1_135' title='bbox 218 1277 323 1326; x_wconf 68' lang='lat' dir='ltr'>victoria</span> <span class='ocrx_word' id='word_1_136' title='bbox 335 1287 420 1343; x_wconf 87' lang='lat' dir='ltr'>captas</span> <span class='ocrx_word' id='word_1_137' title='bbox 434 1279 564 1344; x_wconf 81' lang='lat' dir='ltr'>Augustus</span> <span class='ocrx_word' id='word_1_138' title='bbox 581 1281 607 1326; x_wconf 89' lang='lat' dir='ltr'>in</span> <span class='ocrx_word' id='word_1_139' title='bbox 620 1279 742 1344; x_wconf 85' lang='lat' dir='ltr'>oppidum</span> <span class='ocrx_word' id='word_1_140' title='bbox 754 1275 943 1348; x_wconf 70' lang='lat' dir='ltr'>Foroiuliense¹</span> 
     </span>
    </p>

    <p class='ocr_par' dir='ltr' id='par_1_4' title="bbox 11 1349 980 1641">
     <span class='ocr_line' id='line_1_18' title="bbox 11 1349 930 1419; baseline 0.003 -17"><span class='ocrx_word' id='word_1_141' title='bbox 11 1367 23 1409; x_wconf 70' lang='lat' dir='ltr'><em>f</em></span> <span class='ocrx_word' id='word_1_142' title='bbox 32 1349 229 1415; x_wconf 84' lang='lat' dir='ltr'>miserat,valido</span> <span class='ocrx_word' id='word_1_143' title='bbox 237 1365 298 1399; x_wconf 82' lang='lat' dir='ltr'>curn</span> <span class='ocrx_word' id='word_1_144' title='bbox 305 1353 411 1412; x_wconf 85' lang='lat' dir='ltr'>remige.</span> <span class='ocrx_word' id='word_1_145' title='bbox 420 1350 470 1397; x_wconf 84' lang='lat' dir='ltr'>Sed</span> <span class='ocrx_word' id='word_1_146' title='bbox 478 1351 633 1413; x_wconf 64' lang='lat' dir='ltr'>precipuum</span> <span class='ocrx_word' id='word_1_147' title='bbox 641 1351 840 1402; x_wconf 83' lang='lat' dir='ltr'>roburIlhenunt</span> <span class='ocrx_word' id='word_1_148' title='bbox 850 1356 930 1419; x_wconf 71' lang='lat' dir='ltr'>iuxta,</span> 
     </span>
     <span class='ocr_line' id='line_1_19' title="bbox 33 1409 980 1488; baseline 0.001 -13"><span class='ocrx_word' id='word_1_149' title='bbox 33 1443 155 1475; x_wconf 88' lang='lat' dir='ltr'>commune</span> <span class='ocrx_word' id='word_1_150' title='bbox 164 1428 193 1472; x_wconf 91' lang='lat' dir='ltr'>iu</span> <span class='ocrx_word' id='word_1_151' title='bbox 206 1422 349 1471; x_wconf 84' lang='lat' dir='ltr'>Germanos</span> <span class='ocrx_word' id='word_1_152' title='bbox 357 1421 495 1484; x_wconf 79' lang='lat' dir='ltr'>Gallosque</span> <span class='ocrx_word' id='word_1_153' title='bbox 501 1419 656 1478; x_wconf 83' lang='lat' dir='ltr'>subsidium,</span> <span class='ocrx_word' id='word_1_154' title='bbox 667 1435 724 1470; x_wconf 87' lang='lat' dir='ltr'>octo</span> <span class='ocrx_word' id='word_1_155' title='bbox 731 1425 842 1488; x_wconf 84' lang='lat' dir='ltr'>legiones</span> <span class='ocrx_word' id='word_1_156' title='bbox 850 1439 931 1478; x_wconf 80' lang='lat' dir='ltr'>erant.</span> <span class='ocrx_word' id='word_1_157' title='bbox 976 1409 980 1421; x_wconf 47' lang='grc'><strong><em>’</em></strong></span> 
     </span>
     <span class='ocr_line' id='line_1_20' title="bbox 34 1492 935 1566; baseline -0.002 -16"><span class='ocrx_word' id='word_1_158' title='bbox 34 1501 147 1566; x_wconf 79' lang='lat' dir='ltr'>Hispania</span> <span class='ocrx_word' id='word_1_159' title='bbox 156 1512 251 1546; x_wconf 87' lang='lat' dir='ltr'>recens</span> <span class='ocrx_word' id='word_1_160' title='bbox 261 1493 424 1560; x_wconf 71' lang='lat' dir='ltr'>perdomitae,</span> <span class='ocrx_word' id='word_1_161' title='bbox 438 1493 522 1543; x_wconf 85' lang='lat' dir='ltr'>tribus</span> <span class='ocrx_word' id='word_1_162' title='bbox 530 1492 697 1544; x_wconf 78' lang='lat' dir='ltr'>habebantur.</span> <span class='ocrx_word' id='word_1_163' title='bbox 705 1493 805 1544; x_wconf 82' lang='lat' dir='ltr'>Mauros</span> <span class='ocrx_word' id='word_1_164' title='bbox 817 1497 830 1544; x_wconf 86' lang='lat' dir='ltr'>J</span> <span class='ocrx_word' id='word_1_165' title='bbox 833 1499 881 1546; x_wconf 90' lang='lat' dir='ltr'>uba</span> <span class='ocrx_word' id='word_1_166' title='bbox 890 1515 935 1548; x_wconf 79' lang='lat' dir='ltr'>rex</span> 
     </span>
     <span class='ocr_line' id='line_1_21' title="bbox 35 1567 934 1641; baseline -0.001 -20"><span class='ocrx_word' id='word_1_167' title='bbox 35 1585 168 1641; x_wconf 72' lang='lat' dir='ltr'>acceperat,</span> <span class='ocrx_word' id='word_1_168' title='bbox 184 1571 282 1618; x_wconf 89' lang='lat' dir='ltr'>donum</span> <span class='ocrx_word' id='word_1_169' title='bbox 293 1568 384 1634; x_wconf 88' lang='lat' dir='ltr'>populi</span> <span class='ocrx_word' id='word_1_170' title='bbox 398 1567 517 1616; x_wconf 81' lang='lat' dir='ltr'>Romani.</span> <span class='ocrx_word' id='word_1_171' title='bbox 539 1567 629 1616; x_wconf 85' lang='lat' dir='ltr'>Cetera</span> <span class='ocrx_word' id='word_1_172' title='bbox 640 1567 744 1627; x_wconf 79' lang='lat' dir='ltr'>Africa,</span> <span class='ocrx_word' id='word_1_173' title='bbox 762 1585 808 1634; x_wconf 92' lang='lat' dir='ltr'>per</span> <span class='ocrx_word' id='word_1_174' title='bbox 822 1569 884 1619; x_wconf 74' lang='lat' dir='ltr'>ditas</span> <span class='ocrx_word' id='word_1_175' title='bbox 894 1571 934 1621; x_wconf 88' lang='lat' dir='ltr'>le-</span> 
     </span>
    </p>

    <p class='ocr_par' dir='ltr' id='par_1_5' title="bbox 11 1643 934 1719">
     <span class='ocr_line' id='line_1_22' title="bbox 11 1643 934 1719; baseline 0.002 -22"><span class='ocrx_word' id='word_1_176' title='bbox 11 1716 12 1719; x_wconf 7' lang='lat'><em>*</em></span> <span class='ocrx_word' id='word_1_177' title='bbox 35 1652 126 1716; x_wconf 75' lang='lat' dir='ltr'>giones5</span> <span class='ocrx_word' id='word_1_178' title='bbox 137 1652 243 1715; x_wconf 84' lang='lat' dir='ltr'>parique</span> <span class='ocrx_word' id='word_1_179' title='bbox 254 1662 362 1696; x_wconf 85' lang='lat' dir='ltr'>numero</span> <span class='ocrx_word' id='word_1_180' title='bbox 373 1646 495 1712; x_wconf 78' lang='lat' dir='ltr'>AEgyptus</span> <span class='ocrx_word' id='word_1_181' title='bbox 508 1645 523 1691; x_wconf 72' lang='grc' dir='ltr'>ι’</span> <span class='ocrx_word' id='word_1_182' title='bbox 532 1643 625 1694; x_wconf 88' lang='lat' dir='ltr'>dehinc</span> <span class='ocrx_word' id='word_1_183' title='bbox 640 1645 713 1694; x_wconf 90' lang='lat' dir='ltr'>initio</span> <span class='ocrx_word' id='word_1_184' title='bbox 725 1645 756 1694; x_wconf 86' lang='lat' dir='ltr'>ab</span> <span class='ocrx_word' id='word_1_185' title='bbox 771 1647 842 1714; x_wconf 73' lang='lat' dir='ltr'>Syrid</span> <span class='ocrx_word' id='word_1_186' title='bbox 854 1665 934 1714; x_wconf 87' lang='lat' dir='ltr'>usque</span> 
     </span>
    </p>

    <p class='ocr_par' dir='ltr' id='par_1_6' title="bbox 11 1719 934 1797">
     <span class='ocr_line' id='line_1_23' title="bbox 11 1719 934 1797; baseline -0.001 -24"><span class='ocrx_word' id='word_1_187' title='bbox 11 1768 12 1797; x_wconf 75' lang='lat'><em>;</em></span> <span class='ocrx_word' id='word_1_188' title='bbox 35 1727 164 1774; x_wconf 88' lang='lat' dir='ltr'>adllumen</span> <span class='ocrx_word' id='word_1_189' title='bbox 173 1722 334 1787; x_wconf 82' lang='lat' dir='ltr'>Euphraten,</span> <span class='ocrx_word' id='word_1_190' title='bbox 351 1733 473 1785; x_wconf 85' lang='lat' dir='ltr'>quantum</span> <span class='ocrx_word' id='word_1_191' title='bbox 486 1719 582 1785; x_wconf 89' lang='lat' dir='ltr'>ingenti</span> <span class='ocrx_word' id='word_1_192' title='bbox 598 1732 722 1770; x_wconf 84' lang='lat' dir='ltr'>terrarum</span> <span class='ocrx_word' id='word_1_193' title='bbox 735 1722 793 1770; x_wconf 77' lang='lat' dir='ltr'>sinu</span> <span class='ocrx_word' id='word_1_194' title='bbox 805 1724 934 1792; x_wconf 78' lang='lat' dir='ltr'>ambitur,</span> 
     </span>
    </p>

    <p class='ocr_par' dir='ltr' id='par_1_7' title="bbox 11 1791 935 1860">
     <span class='ocr_line' id='line_1_24' title="bbox 11 1791 935 1860; baseline 0.003 -15"><span class='ocrx_word' id='word_1_195' title='bbox 11 1800 12 1855; x_wconf 59' lang='grc' dir='ltr'>ᾖ</span> <span class='ocrx_word' id='word_1_196' title='bbox 35 1808 135 1860; x_wconf 84' lang='lat' dir='ltr'>quatuor</span> <span class='ocrx_word' id='word_1_197' title='bbox 146 1795 292 1858; x_wconf 72' lang='lat' dir='ltr'>legionibus</span> <span class='ocrx_word' id='word_1_198' title='bbox 302 1793 429 1842; x_wconf 86' lang='lat' dir='ltr'>coercita:</span> <span class='ocrx_word' id='word_1_199' title='bbox 445 1793 540 1842; x_wconf 78' lang='lat' dir='ltr'>seculis</span> <span class='ocrx_word' id='word_1_200' title='bbox 554 1791 642 1853; x_wconf 88' lang='lat' dir='ltr'>Ibero,</span> <span class='ocrx_word' id='word_1_201' title='bbox 661 1795 826 1859; x_wconf 77' lang='lat' dir='ltr'>Albanoque,</span> <span class='ocrx_word' id='word_1_202' title='bbox 839 1807 865 1844; x_wconf 91' lang='lat' dir='ltr'>et</span> <span class='ocrx_word' id='word_1_203' title='bbox 878 1797 935 1848; x_wconf 81' lang='lat' dir='ltr'>aliis</span> 
     </span>
    </p>

    <p class='ocr_par' dir='ltr' id='par_1_8' title="bbox 10 1867 936 1937">
     <span class='ocr_line' id='line_1_25' title="bbox 34 1867 936 1937; baseline 0 -17"><span class='ocrx_word' id='word_1_204' title='bbox 34 1872 141 1937; x_wconf 81' lang='lat' dir='ltr'>regibus,</span> <span class='ocrx_word' id='word_1_205' title='bbox 157 1869 202 1932; x_wconf 89' lang='lat' dir='ltr'>qui</span> <span class='ocrx_word' id='word_1_206' title='bbox 213 1867 386 1933; x_wconf 73' lang='lat' dir='ltr'>magnitudine</span> <span class='ocrx_word' id='word_1_207' title='bbox 402 1867 488 1917; x_wconf 74' lang='lat' dir='ltr'>nostrl</span> <span class='ocrx_word' id='word_1_208' title='bbox 503 1880 671 1934; x_wconf 89' lang='lat' dir='ltr'>proteguntur</span> <span class='ocrx_word' id='word_1_209' title='bbox 682 1869 817 1918; x_wconf 85' lang='lat' dir='ltr'>adversum</span> <span class='ocrx_word' id='word_1_210' title='bbox 832 1882 936 1920; x_wconf 82' lang='lat' dir='ltr'>externa</span> 
     </span>
    </p>

    <p class='ocr_par' dir='ltr' id='par_1_9' title="bbox 11 1942 935 2014">
     <span class='ocr_line' id='line_1_26' title="bbox 11 1942 935 2014; baseline -0.002 -18"><span class='ocrx_word' id='word_1_211' title='bbox 11 1978 12 2013; x_wconf 71' lang='lat'>3</span> <span class='ocrx_word' id='word_1_212' title='bbox 33 1947 143 2012; x_wconf 69' lang='lat' dir='ltr'>imperia.</span> <span class='ocrx_word' id='word_1_213' title='bbox 159 1942 333 1995; x_wconf 84' lang='lat' dir='ltr'>Ethraciem</span> <span class='ocrx_word' id='word_1_214' title='bbox 345 1942 545 2009; x_wconf 82' lang='lat' dir='ltr'>Rhoemetalces,</span> <span class='ocrx_word' id='word_1_215' title='bbox 558 1959 587 1992; x_wconf 86' lang='lat' dir='ltr'>ac</span> <span class='ocrx_word' id='word_1_216' title='bbox 597 1944 671 1992; x_wconf 91' lang='lat' dir='ltr'>liberi</span> <span class='ocrx_word' id='word_1_217' title='bbox 684 1945 785 2010; x_wconf 76' lang='lat' dir='ltr'>Cotyis:</span> <span class='ocrx_word' id='word_1_218' title='bbox 801 1944 935 2014; x_wconf 77' lang='lat' dir='ltr'>ripamque</span> 
     </span>
    </p>

    <p class='ocr_par' dir='ltr' id='par_1_10' title="bbox 11 2013 934 2081">
     <span class='ocr_line' id='line_1_27' title="bbox 11 2013 934 2081; baseline -0.003 -14"><span class='ocrx_word' id='word_1_219' title='bbox 11 2018 12 2067; x_wconf 80' lang='lat' dir='ltr'>l</span> <span class='ocrx_word' id='word_1_220' title='bbox 32 2017 137 2067; x_wconf 85' lang='lat' dir='ltr'>Danubii</span> <span class='ocrx_word' id='word_1_221' title='bbox 147 2052 154 2074; x_wconf 90' lang='lat'><em>,</em></span> <span class='ocrx_word' id='word_1_222' title='bbox 163 2015 292 2079; x_wconf 89' lang='lat' dir='ltr'>legionum</span> <span class='ocrx_word' id='word_1_223' title='bbox 304 2014 358 2063; x_wconf 72' lang='lat' dir='ltr'>dua</span> <span class='ocrx_word' id='word_1_224' title='bbox 371 2015 399 2063; x_wconf 87' lang='lat' dir='ltr'>in</span> <span class='ocrx_word' id='word_1_225' title='bbox 410 2015 539 2064; x_wconf 73' lang='lat' dir='ltr'>Pannonii</span> <span class='ocrx_word' id='word_1_226' title='bbox 550 2055 556 2081; x_wconf 86' lang='lat'>‚</span> <span class='ocrx_word' id='word_1_227' title='bbox 569 2013 627 2064; x_wconf 76' lang='lat' dir='ltr'>duae&#39;</span> <span class='ocrx_word' id='word_1_228' title='bbox 637 2017 661 2065; x_wconf 88' lang='lat' dir='ltr'>iu</span> <span class='ocrx_word' id='word_1_229' title='bbox 673 2016 760 2064; x_wconf 67' lang='lat' dir='ltr'>Mesia</span> <span class='ocrx_word' id='word_1_230' title='bbox 774 2017 934 2072; x_wconf 71' lang='lat' dir='ltr'>attinebant:</span> 
     </span>
    </p>

    <p class='ocr_par' dir='ltr' id='par_1_11' title="bbox 10 2081 938 2222">
     <span class='ocr_line' id='line_1_28' title="bbox 10 2081 936 2150; baseline -0.002 -18"><span class='ocrx_word' id='word_1_231' title='bbox 10 2118 13 2141; x_wconf 68' lang='lat' dir='ltr'>r</span> <span class='ocrx_word' id='word_1_232' title='bbox 33 2083 136 2132; x_wconf 88' lang='lat' dir='ltr'>totidem</span> <span class='ocrx_word' id='word_1_233' title='bbox 148 2081 217 2146; x_wconf 86' lang='lat' dir='ltr'>apud</span> <span class='ocrx_word' id='word_1_234' title='bbox 229 2083 380 2129; x_wconf 88' lang='lat' dir='ltr'>Dalmatiam</span> <span class='ocrx_word' id='word_1_235' title='bbox 395 2081 484 2128; x_wconf 83' lang='lat' dir='ltr'>locatis</span> <span class='ocrx_word' id='word_1_236' title='bbox 494 2115 502 2135; x_wconf 88' lang='lat'>‚</span> <span class='ocrx_word' id='word_1_237' title='bbox 513 2097 583 2144; x_wconf 71' lang='lat' dir='ltr'>quse.</span> <span class='ocrx_word' id='word_1_238' title='bbox 599 2082 685 2150; x_wconf 81' lang='lat' dir='ltr'>positu</span> <span class='ocrx_word' id='word_1_239' title='bbox 696 2083 823 2146; x_wconf 76' lang='lat' dir='ltr'>regionis,</span> <span class='ocrx_word' id='word_1_240' title='bbox 835 2081 849 2130; x_wconf 78' lang='lat' dir='ltr'>l</span> <span class='ocrx_word' id='word_1_241' title='bbox 864 2093 936 2146; x_wconf 81' lang='lat' dir='ltr'>tergo</span> 
     </span>
     <span class='ocr_line' id='line_1_29' title="bbox 34 2153 938 2222; baseline -0.004 -16"><span class='ocrx_word' id='word_1_242' title='bbox 34 2158 97 2217; x_wconf 86' lang='lat' dir='ltr'>illis,</span> <span class='ocrx_word' id='word_1_243' title='bbox 109 2173 156 2214; x_wconf 87' lang='lat' dir='ltr'>ac,</span> <span class='ocrx_word' id='word_1_244' title='bbox 172 2160 194 2204; x_wconf 84' lang='lat' dir='ltr'>si</span> <span class='ocrx_word' id='word_1_245' title='bbox 209 2156 372 2222; x_wconf 85' lang='lat' dir='ltr'>repentinum</span> <span class='ocrx_word' id='word_1_246' title='bbox 388 2153 511 2202; x_wconf 82' lang='lat' dir='ltr'>auxilium</span> <span class='ocrx_word' id='word_1_247' title='bbox 524 2155 743 2220; x_wconf 79' lang='lat' dir='ltr'>Italiaposceret,</span> <span class='ocrx_word' id='word_1_248' title='bbox 762 2153 830 2202; x_wconf 83' lang='lat' dir='ltr'>haud</span> <span class='ocrx_word' id='word_1_249' title='bbox 846 2154 938 2220; x_wconf 86' lang='lat' dir='ltr'>procul</span> 
     </span>
    </p>

    <p class='ocr_par' dir='ltr' id='par_1_12' title="bbox 10 2227 959 2738">
     <span class='ocr_line' id='line_1_30' title="bbox 10 2227 939 2294; baseline -0.003 -15"><span class='ocrx_word' id='word_1_250' title='bbox 10 2258 12 2279; x_wconf 52' lang='lat' dir='ltr'>r</span> <span class='ocrx_word' id='word_1_251' title='bbox 36 2236 172 2281; x_wconf 74' lang='lat' dir='ltr'>recitentur</span> <span class='ocrx_word' id='word_1_252' title='bbox 184 2248 190 2278; x_wconf 76' lang='grc' dir='ltr'><strong><em>ε</em></strong></span> <span class='ocrx_word' id='word_1_253' title='bbox 200 2245 347 2294; x_wconf 83' lang='lat' dir='ltr'>quanquam</span> <span class='ocrx_word' id='word_1_254' title='bbox 357 2227 480 2277; x_wconf 70' lang='lat' dir='ltr'>insideret</span> <span class='ocrx_word' id='word_1_255' title='bbox 491 2227 582 2276; x_wconf 83' lang='lat' dir='ltr'>urber&#39;u</span> <span class='ocrx_word' id='word_1_256' title='bbox 592 2229 708 2294; x_wconf 89' lang='lat' dir='ltr'>proprius</span> <span class='ocrx_word' id='word_1_257' title='bbox 721 2227 794 2275; x_wconf 80' lang='lat' dir='ltr'>milet</span> <span class='ocrx_word' id='word_1_258' title='bbox 806 2264 812 2286; x_wconf 84' lang='lat'><strong>,</strong></span> <span class='ocrx_word' id='word_1_259' title='bbox 830 2237 881 2276; x_wconf 83' lang='lat' dir='ltr'>tres</span> <span class='ocrx_word' id='word_1_260' title='bbox 892 2243 939 2276; x_wconf 84' lang='lat' dir='ltr'>ur·</span> 
     </span>
     <span class='ocr_line' id='line_1_31' title="bbox 36 2301 942 2374; baseline -0.004 -20"><span class='ocrx_word' id='word_1_261' title='bbox 36 2305 115 2374; x_wconf 71' lang='lat' dir='ltr'>bane,</span> <span class='ocrx_word' id='word_1_262' title='bbox 128 2321 221 2354; x_wconf 85' lang='lat' dir='ltr'>novem</span> <span class='ocrx_word' id='word_1_263' title='bbox 231 2307 352 2371; x_wconf 76' lang='lat' dir='ltr'>pretoria</span> <span class='ocrx_word' id='word_1_264' title='bbox 364 2304 495 2367; x_wconf 82' lang='lat' dir='ltr'>cohortes,</span> <span class='ocrx_word' id='word_1_265' title='bbox 513 2302 614 2352; x_wconf 71' lang='lat' dir='ltr'>Etrurii</span> <span class='ocrx_word' id='word_1_266' title='bbox 626 2302 705 2352; x_wconf 73' lang='lat' dir='ltr'>lerme</span> <span class='ocrx_word' id='word_1_267' title='bbox 721 2301 878 2365; x_wconf 72' lang='lat' dir='ltr'>Umbrilque</span> <span class='ocrx_word' id='word_1_268' title='bbox 892 2302 942 2350; x_wconf 83' lang='lat' dir='ltr'>de-</span> 
     </span>
     <span class='ocr_line' id='line_1_32' title="bbox 36 2373 943 2439; baseline -0.007 -13"><span class='ocrx_word' id='word_1_269' title='bbox 36 2380 101 2429; x_wconf 75' lang='lat' dir='ltr'>lectae</span> <span class='ocrx_word' id='word_1_270' title='bbox 112 2414 119 2439; x_wconf 87' lang='lat'><strong><em>‚</em></strong></span> <span class='ocrx_word' id='word_1_271' title='bbox 132 2390 268 2428; x_wconf 77' lang='lat' dir='ltr'>autvetcre</span> <span class='ocrx_word' id='word_1_272' title='bbox 281 2377 355 2426; x_wconf 84' lang='lat' dir='ltr'>Latio</span> <span class='ocrx_word' id='word_1_273' title='bbox 366 2388 410 2434; x_wconf 86' lang='lat' dir='ltr'>,et</span> <span class='ocrx_word' id='word_1_274' title='bbox 420 2377 527 2424; x_wconf 81' lang='lat' dir='ltr'>coloniis</span> <span class='ocrx_word' id='word_1_275' title='bbox 537 2373 677 2437; x_wconf 77' lang='lat' dir='ltr'>antiquitus</span> <span class='ocrx_word' id='word_1_276' title='bbox 688 2375 819 2420; x_wconf 85' lang='lat' dir='ltr'>Romanis.</span> <span class='ocrx_word' id='word_1_277' title='bbox 830 2373 865 2420; x_wconf 82' lang='lat' dir='ltr'>At</span> <span class='ocrx_word' id='word_1_278' title='bbox 873 2373 943 2438; x_wconf 84' lang='lat' dir='ltr'>apud</span> 
     </span>
     <span class='ocr_line' id='line_1_33' title="bbox 36 2442 943 2518; baseline -0.01 -17"><span class='ocrx_word' id='word_1_279' title='bbox 36 2452 125 2502; x_wconf 89' lang='lat' dir='ltr'>idonea</span> <span class='ocrx_word' id='word_1_280' title='bbox 140 2453 330 2518; x_wconf 77' lang='lat' dir='ltr'>provinciarum</span> <span class='ocrx_word' id='word_1_281' title='bbox 345 2449 418 2496; x_wconf 78' lang='lat' dir='ltr'>sociae</span> <span class='ocrx_word' id='word_1_282' title='bbox 433 2448 566 2499; x_wconf 78' lang='lat' dir='ltr'>triremes,</span> <span class='ocrx_word' id='word_1_283' title='bbox 580 2443 687 2506; x_wconf 79' lang='lat' dir='ltr'>alaeque,</span> <span class='ocrx_word' id='word_1_284' title='bbox 706 2452 733 2488; x_wconf 86' lang='lat' dir='ltr'>et</span> <span class='ocrx_word' id='word_1_285' title='bbox 744 2442 836 2488; x_wconf 78' lang='lat' dir='ltr'>auxilia</span> <span class='ocrx_word' id='word_1_286' title='bbox 849 2443 943 2492; x_wconf 80' lang='lat' dir='ltr'>cobor-</span> 
     </span>
     <span class='ocr_line' id='line_1_34' title="bbox 36 2515 944 2592; baseline -0.012 -13"><span class='ocrx_word' id='word_1_287' title='bbox 36 2533 98 2579; x_wconf 86' lang='lat' dir='ltr'>tinm</span> <span class='ocrx_word' id='word_1_288' title='bbox 111 2548 118 2578; x_wconf 70' lang='grc' dir='ltr'>ι</span> <span class='ocrx_word' id='word_1_289' title='bbox 133 2543 216 2592; x_wconf 88' lang='lat' dir='ltr'>neque</span> <span class='ocrx_word' id='word_1_290' title='bbox 232 2523 317 2578; x_wconf 73' lang='lat' dir='ltr'>multo</span> <span class='ocrx_word' id='word_1_291' title='bbox 332 2539 404 2573; x_wconf 85' lang='lat' dir='ltr'>secus</span> <span class='ocrx_word' id='word_1_292' title='bbox 421 2521 449 2570; x_wconf 88' lang='lat' dir='ltr'>in</span> <span class='ocrx_word' id='word_1_293' title='bbox 464 2519 499 2568; x_wconf 90' lang='lat' dir='ltr'>ils</span> <span class='ocrx_word' id='word_1_294' title='bbox 509 2519 619 2584; x_wconf 77' lang='lat' dir='ltr'>virium3</span> <span class='ocrx_word' id='word_1_295' title='bbox 636 2516 679 2568; x_wconf 83' lang='lat' dir='ltr'>sed</span> <span class='ocrx_word' id='word_1_296' title='bbox 691 2515 810 2582; x_wconf 81' lang='lat' dir='ltr'>persequi</span> <span class='ocrx_word' id='word_1_297' title='bbox 820 2515 944 2568; x_wconf 85' lang='lat' dir='ltr'>incertum</span> 
     </span>
     <span class='ocr_line' id='line_1_35' title="bbox 36 2588 959 2667; baseline -0.013 -15"><span class='ocrx_word' id='word_1_298' title='bbox 36 2602 127 2661; x_wconf 88' lang='lat' dir='ltr'>fuerit,</span> <span class='ocrx_word' id='word_1_299' title='bbox 140 2619 235 2667; x_wconf 86' lang='lat' dir='ltr'>qtutm,</span> <span class='ocrx_word' id='word_1_300' title='bbox 254 2617 285 2648; x_wconf 81' lang='lat' dir='ltr'>ex</span> <span class='ocrx_word' id='word_1_301' title='bbox 301 2616 350 2648; x_wconf 89' lang='lat' dir='ltr'>usu</span> <span class='ocrx_word' id='word_1_302' title='bbox 367 2595 503 2660; x_wconf 81' lang='lat' dir='ltr'>temporis,</span> <span class='ocrx_word' id='word_1_303' title='bbox 521 2592 571 2641; x_wconf 87' lang='lat' dir='ltr'>buc</span> <span class='ocrx_word' id='word_1_304' title='bbox 587 2590 648 2642; x_wconf 86' lang='lat' dir='ltr'>illuc</span> <span class='ocrx_word' id='word_1_305' title='bbox 663 2599 792 2648; x_wconf 75' lang='lat' dir='ltr'>mearent,</span> <span class='ocrx_word' id='word_1_306' title='bbox 810 2588 959 2654; x_wconf 75' lang='lat' dir='ltr'>gliscerent</span> 
     </span>
     <span class='ocr_line' id='line_1_36' title="bbox 32 2671 543 2738; baseline -0.02 -12"><span class='ocrx_word' id='word_1_307' title='bbox 32 2693 155 2738; x_wconf 84' lang='lat' dir='ltr'>nurnero,</span> <span class='ocrx_word' id='word_1_308' title='bbox 164 2688 191 2724; x_wconf 91' lang='lat' dir='ltr'>et</span> <span class='ocrx_word' id='word_1_309' title='bbox 208 2671 344 2738; x_wconf 80' lang='lat' dir='ltr'>aliquando</span> <span class='ocrx_word' id='word_1_310' title='bbox 353 2674 543 2720; x_wconf 80' lang='lat' dir='ltr'>minuerentur.</span> 
     </span>
    </p>

    <p class='ocr_par' dir='ltr' id='par_1_13' title="bbox 36 2741 995 3320">
     <span class='ocr_line' id='line_1_37' title="bbox 66 2741 945 2812; baseline -0.011 -13"><span class='ocrx_word' id='word_1_311' title='bbox 66 2751 113 2799; x_wconf 84' lang='lat' dir='ltr'>vt.</span> <span class='ocrx_word' id='word_1_312' title='bbox 132 2749 281 2812; x_wconf 78' lang='lat' dir='ltr'>Congruens</span> <span class='ocrx_word' id='word_1_313' title='bbox 297 2742 448 2794; x_wconf 84' lang='lat' dir='ltr'>crediderim</span> <span class='ocrx_word' id='word_1_314' title='bbox 467 2755 598 2791; x_wconf 85' lang='lat' dir='ltr'>recensere</span> <span class='ocrx_word' id='word_1_315' title='bbox 617 2752 714 2790; x_wconf 83' lang='lat' dir='ltr'>ceteras</span> <span class='ocrx_word' id='word_1_316' title='bbox 732 2753 832 2804; x_wconf 84' lang='lat' dir='ltr'>quoque</span> <span class='ocrx_word' id='word_1_317' title='bbox 853 2741 945 2812; x_wconf 56' lang='lat' dir='ltr'>reipui</span> 
     </span>
     <span class='ocr_line' id='line_1_38' title="bbox 36 2813 946 2888; baseline -0.008 -18"><span class='ocrx_word' id='word_1_318' title='bbox 36 2821 105 2872; x_wconf 75' lang='lat' dir='ltr'>blica</span> <span class='ocrx_word' id='word_1_319' title='bbox 114 2835 199 2888; x_wconf 81' lang='lat' dir='ltr'>partes</span> <span class='ocrx_word' id='word_1_320' title='bbox 210 2857 217 2882; x_wconf 91' lang='lat'><em>,</em></span> <span class='ocrx_word' id='word_1_321' title='bbox 229 2817 412 2882; x_wconf 83' lang='lat' dir='ltr'>quibusmodis</span> <span class='ocrx_word' id='word_1_322' title='bbox 421 2815 454 2863; x_wconf 89' lang='lat' dir='ltr'>ad</span> <span class='ocrx_word' id='word_1_323' title='bbox 464 2831 519 2862; x_wconf 85' lang='lat' dir='ltr'>eam</span> <span class='ocrx_word' id='word_1_324' title='bbox 529 2813 597 2863; x_wconf 81' lang='lat' dir='ltr'>‘diem</span> <span class='ocrx_word' id='word_1_325' title='bbox 606 2814 696 2863; x_wconf 79' lang='lat' dir='ltr'>habitae</span> <span class='ocrx_word' id='word_1_326' title='bbox 707 2813 758 2862; x_wconf 82' lang='lat' dir='ltr'>sint</span> <span class='ocrx_word' id='word_1_327' title='bbox 767 2830 774 2878; x_wconf 76' lang='lat'>3</span> <span class='ocrx_word' id='word_1_328' title='bbox 788 2814 888 2878; x_wconf 89' lang='lat' dir='ltr'>quando</span> <span class='ocrx_word' id='word_1_329' title='bbox 899 2816 946 2863; x_wconf 87' lang='lat' dir='ltr'>Ti-</span> 
     </span>
     <span class='ocr_line' id='line_1_39' title="bbox 36 2886 946 2955; baseline -0.008 -12"><span class='ocrx_word' id='word_1_330' title='bbox 36 2895 106 2943; x_wconf 88' lang='lat' dir='ltr'>berio</span> <span class='ocrx_word' id='word_1_331' title='bbox 117 2895 209 2943; x_wconf 85' lang='lat' dir='ltr'>mutati</span> <span class='ocrx_word' id='word_1_332' title='bbox 221 2893 248 2939; x_wconf 89' lang='lat' dir='ltr'>in</span> <span class='ocrx_word' id='word_1_333' title='bbox 256 2891 368 2941; x_wconf 76' lang='lat' dir='ltr'>deterius</span> <span class='ocrx_word' id='word_1_334' title='bbox 373 2887 529 2955; x_wconf 75' lang='lat' dir='ltr'>principatus</span> <span class='ocrx_word' id='word_1_335' title='bbox 537 2888 638 2936; x_wconf 87' lang='lat' dir='ltr'>initium</span> <span class='ocrx_word' id='word_1_336' title='bbox 647 2886 688 2934; x_wconf 89' lang='lat' dir='ltr'>ille</span> <span class='ocrx_word' id='word_1_337' title='bbox 699 2901 779 2934; x_wconf 86' lang='lat' dir='ltr'>annus</span> <span class='ocrx_word' id='word_1_338' title='bbox 787 2887 880 2936; x_wconf 80' lang='lat' dir='ltr'>attulit.</span> <span class='ocrx_word' id='word_1_339' title='bbox 889 2888 946 2937; x_wconf 82' lang='lat' dir='ltr'>Jum</span> 
     </span>
     <span class='ocr_line' id='line_1_40' title="bbox 38 2958 947 3034; baseline -0.01 -17"><span class='ocrx_word' id='word_1_340' title='bbox 38 2967 150 3034; x_wconf 79' lang='lat' dir='ltr'>primum</span> <span class='ocrx_word' id='word_1_341' title='bbox 158 2966 262 3033; x_wconf 88' lang='lat' dir='ltr'>publica</span> <span class='ocrx_word' id='word_1_342' title='bbox 270 2963 584 3031; x_wconf 80' lang='lat' dir='ltr'>negotia,etpriratorurn</span> <span class='ocrx_word' id='word_1_343' title='bbox 593 2962 711 3016; x_wconf 82' lang='lat' dir='ltr'>maxima,</span> <span class='ocrx_word' id='word_1_344' title='bbox 720 2958 786 3023; x_wconf 86' lang='lat' dir='ltr'>apud</span> <span class='ocrx_word' id='word_1_345' title='bbox 793 2959 877 3024; x_wconf 81' lang='lat' dir='ltr'>patres</span> <span class='ocrx_word' id='word_1_346' title='bbox 885 2973 947 3008; x_wconf 81' lang='lat' dir='ltr'>trac·</span> 
     </span>
     <span class='ocr_line' id='line_1_41' title="bbox 37 3031 995 3103; baseline -0.015 -11"><span class='ocrx_word' id='word_1_347' title='bbox 37 3043 156 3093; x_wconf 76' lang='lat' dir='ltr'>tabuntur</span> <span class='ocrx_word' id='word_1_348' title='bbox 167 3060 179 3090; x_wconf 25' lang='lat' dir='ltr'>:s</span> <span class='ocrx_word' id='word_1_349' title='bbox 190 3040 345 3103; x_wconf 82' lang='lat' dir='ltr'>dabaturque</span> <span class='ocrx_word' id='word_1_350' title='bbox 360 3034 513 3103; x_wconf 79' lang='lat' dir='ltr'>primoribus</span> <span class='ocrx_word' id='word_1_351' title='bbox 528 3033 666 3099; x_wconf 71' lang='lat' dir='ltr'>disserer03</span> <span class='ocrx_word' id='word_1_352' title='bbox 686 3043 713 3081; x_wconf 92' lang='lat' dir='ltr'>et</span> <span class='ocrx_word' id='word_1_353' title='bbox 730 3035 755 3080; x_wconf 87' lang='lat' dir='ltr'>iu</span> <span class='ocrx_word' id='word_1_354' title='bbox 774 3031 947 3080; x_wconf 79' lang='lat' dir='ltr'>adulationem</span> <span class='ocrx_word' id='word_1_355' title='bbox 992 3037 995 3092; x_wconf 77' lang='lat' dir='ltr'><strong>j</strong></span> 
     </span>
     <span class='ocr_line' id='line_1_42' title="bbox 39 3097 949 3181; baseline -0.018 -18"><span class='ocrx_word' id='word_1_356' title='bbox 39 3115 121 3181; x_wconf 86' lang='lat' dir='ltr'>lapsos</span> <span class='ocrx_word' id='word_1_357' title='bbox 129 3112 266 3164; x_wconf 84' lang='lat' dir='ltr'>cohibebat</span> <span class='ocrx_word' id='word_1_358' title='bbox 277 3114 330 3176; x_wconf 80' lang='lat' dir='ltr'>ipse</span> <span class='ocrx_word' id='word_1_359' title='bbox 341 3129 348 3157; x_wconf 70' lang='grc' dir='ltr'><strong><em>ι</em></strong></span> <span class='ocrx_word' id='word_1_360' title='bbox 359 3109 546 3171; x_wconf 81' lang='lat' dir='ltr'>mandabatque</span> <span class='ocrx_word' id='word_1_361' title='bbox 557 3105 679 3165; x_wconf 81' lang='lat' dir='ltr'>honores,</span> <span class='ocrx_word' id='word_1_362' title='bbox 690 3097 850 3154; x_wconf 80' lang='lat' dir='ltr'>nobilitatem</span> <span class='ocrx_word' id='word_1_363' title='bbox 866 3103 949 3167; x_wconf 82' lang='lat' dir='ltr'>majo-</span> 
     </span>
     <span class='ocr_line' id='line_1_43' title="bbox 40 3171 949 3254; baseline -0.018 -18"><span class='ocrx_word' id='word_1_364' title='bbox 40 3204 93 3237; x_wconf 81' lang='lat' dir='ltr'>tutu</span> <span class='ocrx_word' id='word_1_365' title='bbox 101 3179 117 3254; x_wconf 11' lang='lat' dir='ltr'>,A</span> <span class='ocrx_word' id='word_1_366' title='bbox 127 3183 306 3236; x_wconf 84' lang='lat' dir='ltr'>claritudinem</span> <span class='ocrx_word' id='word_1_367' title='bbox 321 3182 435 3242; x_wconf 71' lang='lat' dir='ltr'>militie,</span> <span class='ocrx_word' id='word_1_368' title='bbox 456 3180 567 3228; x_wconf 74' lang='lat' dir='ltr'>illustres</span> <span class='ocrx_word' id='word_1_369' title='bbox 585 3177 654 3228; x_wconf 79' lang='lat' dir='ltr'>doni</span> <span class='ocrx_word' id='word_1_370' title='bbox 666 3184 733 3228; x_wconf 74' lang='lat' dir='ltr'>artes</span> <span class='ocrx_word' id='word_1_371' title='bbox 747 3171 903 3240; x_wconf 79' lang='lat' dir='ltr'>spectando,</span> <span class='ocrx_word' id='word_1_372' title='bbox 919 3181 949 3220; x_wconf 83' lang='lat' dir='ltr'>ut</span> 
     </span>
     <span class='ocr_line' id='line_1_44' title="bbox 41 3245 947 3320; baseline -0.025 -10"><span class='ocrx_word' id='word_1_373' title='bbox 41 3266 99 3311; x_wconf 76' lang='lat' dir='ltr'>satia</span> <span class='ocrx_word' id='word_1_374' title='bbox 109 3269 241 3312; x_wconf 79' lang='lat' dir='ltr'>constaret</span> <span class='ocrx_word' id='word_1_375' title='bbox 249 3294 255 3316; x_wconf 89' lang='lat'>,</span> <span class='ocrx_word' id='word_1_376' title='bbox 263 3274 314 3306; x_wconf 86' lang='lat' dir='ltr'>nou</span> <span class='ocrx_word' id='word_1_377' title='bbox 323 3258 386 3305; x_wconf 85' lang='lat' dir='ltr'>alios</span> <span class='ocrx_word' id='word_1_378' title='bbox 393 3255 507 3320; x_wconf 81' lang='lat' dir='ltr'>potiores</span> <span class='ocrx_word' id='word_1_379' title='bbox 517 3252 593 3301; x_wconf 82' lang='lat' dir='ltr'>fuisse</span> <span class='ocrx_word' id='word_1_380' title='bbox 606 3270 611 3300; x_wconf 77' lang='grc' dir='ltr'><strong>ι</strong></span> <span class='ocrx_word' id='word_1_381' title='bbox 625 3267 669 3300; x_wconf 75' lang='lat' dir='ltr'>etta</span> <span class='ocrx_word' id='word_1_382' title='bbox 679 3247 829 3314; x_wconf 72' lang='lat' dir='ltr'>praetoribus</span> <span class='ocrx_word' id='word_1_383' title='bbox 837 3245 947 3307; x_wconf 63' lang='lat' dir='ltr'>speciest</span> 
     </span>
    </p>
   </div>
   <div class='ocr_carea' id='block_1_3' title="bbox 41 3313 950 3403">
    <p class='ocr_par' dir='ltr' id='par_1_14' title="bbox 41 3313 950 3403">
     <span class='ocr_line' id='line_1_45' title="bbox 41 3313 950 3403; baseline -0.031 -14"><span class='ocrx_word' id='word_1_384' title='bbox 41 3337 170 3403; x_wconf 78' lang='lat' dir='ltr'>minorum</span> <span class='ocrx_word' id='word_1_385' title='bbox 192 3334 295 3402; x_wconf 83' lang='lat' dir='ltr'>quoque</span> <span class='ocrx_word' id='word_1_386' title='bbox 312 3328 506 3399; x_wconf 69' lang='lat' dir='ltr'>magistratuum</span> <span class='ocrx_word' id='word_1_387' title='bbox 521 3326 632 3383; x_wconf 73' lang='lat' dir='ltr'>exercita</span> <span class='ocrx_word' id='word_1_388' title='bbox 645 3329 770 3391; x_wconf 63' lang='lat' dir='ltr'>possum</span> <span class='ocrx_word' id='word_1_389' title='bbox 782 3317 912 3379; x_wconf 72' lang='lat' dir='ltr'>legesque,</span> <span class='ocrx_word' id='word_1_390' title='bbox 927 3313 950 3368; x_wconf 76' lang='lat' dir='ltr'>ai</span> 
     </span>
    </p>
   </div>
   <div class='ocr_carea' id='block_1_4' title="bbox 0 0 1073 3709">
    <p class='ocr_par' dir='ltr' id='par_1_15' title="bbox 0 0 1073 3709">
     <span class='ocr_line' id='line_1_46' title="bbox 0 0 1073 3709; baseline 0 0"><span class='ocrx_word' id='word_1_391' title='bbox 0 0 1073 3709; x_wconf 95' lang='lat' dir='ltr'> </span> 
     </span>
    </p>
   </div>
  </div>
 </body>
</html>
