2100 3709
90 65 141 122 452
229 53 241 121 “,
409 79 434 116 e.
452 78 547 115 coar.
564 74 678 124 racrrr

92 149 306 228 nis.Bosquoque
315 151 476 219 immolatur,
486 175 561 224 quem
572 159 682 226 AEgyptii
694 157 761 222 rlpin
770 158 870 210 colunt.
883 160 939 210 Sue
952 161 1008 211 abs·
1034 187 1035 190 ¹

91 230 186 298 tinent,
205 235 327 283 memoria
338 235 431 292 cladis,
443 233 491 297 qud
509 235 576 300 ipsos
587 234 682 281 scabies
695 233 823 295 quondam
838 246 1005 300 turpaverat,

14 354 15 357 ,
69 309 77 315 ’
92 312 135 359 cui
146 311 172 359 id
183 313 278 360 animal
287 311 436 358 obnoxium.
451 305 565 374 Longam
578 308 639 372 olim
653 307 746 358 samem
762 309 857 360 crebris
873 309 963 358 adhuc
976 310 1008 370 je·

91 381 168 449 juniis
180 378 297 436 latentur.
312 388 346 436 Et
355 397 484 450 raptarum
497 384 598 448 frugum
610 394 786 460 argumentum
800 385 876 448 panis
888 385 1007 432 Iudaicus

42 492 47 527 ἦ
92 460 164 508 nullo
175 460 301 511 fermento
316 461 418 508 retinet.
436 459 573 522 «Septimo
591 455 631 504 die
643 455 723 506 otium
737 455 862 520 placuisse
874 473 890 506 a
905 455 1006 506 lerunt:

42 543 45 555 ¹
93 535 174 597 aquia
191 534 212 582 is
221 535 296 582 finem
312 532 430 580 labbrum
442 530 531 577 tulerit
541 527 631 592 5dein,
647 529 794 578 blandiente
807 529 917 588 inertis,
931 531 1006 596 septi-

47 666 50 673 ἱ
93 624 163 655 mum
176 623 275 672 quoqne
288 622 383 656 aunum
395 602 597 669 ignaviaeldatum
608 617 633 650 o.
646 601 713 662 Alii,
729 602 878 652 obonorem
891 620 954 652 eum
963 605 1005 652 Sa·

92 690 169 730 turno
180 681 268 730 haberi
285 700 291 729 z
311 695 372 738 seu,
385 677 507 744 principia
519 675 648 740 religionis
666 675 825 728 tradentibus
839 675 935 740 Idaeis,
948 695 1004 741 quos

93 771 153 803 curn
163 757 270 804 Saturno
284 755 386 820 pulsos,
400 764 426 800 et
438 749 584 799 conditores
599 749 681 814 gentis
691 753 848 816 accepimus,
863 768 929 810 seu,
943 752 1005 816 quod
1036 767 1037 820 ρ

46 820 50 825 ’
92 827 216 896 eseptem
236 829 377 886 sideribus,
396 826 452 891 quis
466 824 587 873 mortales
602 835 736 889 reguntur,
754 826 1004 884 altissimoorbe,et

91 902 216 968 precipua
226 899 342 968 potentis
354 935 361 958 ,
372 898 445 948 stella
454 898 553 946 Saturni
566 897 661 944 seratur
672 919 679 960 3
691 913 720 944 ac
734 897 853 962 pleraque
865 898 1005 948 coelestium
1036 897 1037 944 l

64 1021 75 1040 x
92 978 145 1025 vim
161 991 231 1022 suam
241 985 267 1021 et
275 987 378 1025 cursum
392 972 514 1036 septimos
527 985 572 1034 per
584 984 705 1034 numeros
718 970 886 1020 conficiautn.

78 1083 102 1107 ,.
124 1048 160 1099 V.
171 1049 206 1096 Hi
221 1048 286 1096 ritus
297 1082 303 1100 ,
315 1062 418 1110 quoquo
434 1041 511 1091 modo
522 1039 634 1100 inducti,
654 1043 802 1106 antiquitate
814 1041 1004 1093 defenduntur:

69 1120 72 1129 '
92 1133 175 1170 cetera
187 1121 302 1169 instituta
315 1119 433 1173 sinistra,
446 1115 523 1176 foeda,
537 1115 661 1182 pravitate
673 1116 783 1167 valuere.
796 1118 862 1166 Nam
878 1120 1005 1183 pessimus

89 1194 208 1259 quisque,
221 1194 312 1260 spretis
320 1191 486 1256 religionibus
497 1190 601 1255 patriis,
611 1190 706 1238 tributa
718 1202 743 1240 et
751 1191 828 1258 stipes
838 1193 904 1242 illuc
912 1208 1005 1256 conge-

64 1321 71 1328 ,
90 1271 189 1319 rebant.
201 1270 278 1319 Unde
290 1280 368 1317 aucta
377 1267 520 1316 ludaeorum
530 1281 571 1314 res
580 1285 587 1330 ς
597 1269 687 1330 etquis
698 1268 763 1333 apud
775 1269 842 1334 ipsos
852 1268 917 1318 fides
926 1270 1006 1318 obsti·
1036 1255 1037 1316 l

90 1355 165 1403 nata,
180 1341 352 1393 misericordia
366 1342 390 1388 in
404 1350 539 1405 promptu,
551 1339 596 1386 sed
608 1338 727 1388 adrasus
740 1357 826 1390 omues
838 1341 904 1390 alios
913 1339 1004 1391 hostile

92 1416 190 1466 odium.
200 1417 313 1483 Separati
323 1414 419 1480 epulis,
433 1411 534 1460 discreti
550 1411 690 1471 cubilibus,
705 1415 885 1480 proiectissima
902 1414 935 1464 ad
948 1415 1005 1464 libi-

91 1491 178 1547 dinem
196 1509 272 1558 gens,
285 1492 424 1540 alienarum
437 1487 574 1536 concubitu
583 1489 710 1536 abstinent
720 1507 725 1537 :
735 1489 805 1553 inter
816 1506 842 1537 se
854 1488 920 1537 nihil
931 1490 1006 1536 illici·
1036 1503 1037 1538 t

45 1567 48 1578 ¹
91 1578 157 1616 tum.
167 1565 355 1614 circumcidere
369 1562 491 1628 genitalia
499 1561 648 1622 institudre,
659 1571 687 1610 ut
700 1562 843 1612 diuersitate
855 1574 1005 1614 noscantur.

88 1637 250 1704 Transgresei
268 1639 294 1687 in
314 1653 412 1686 morem
432 1651 520 1685 eorum
540 1633 608 1684 idem
627 1648 775 1702 usurpant:
797 1654 844 1685 nec
865 1635 1007 1700 quidquam

88 1709 161 1777 priris
174 1711 335 1768 imbuuntur,
345 1706 421 1771 quam
434 1717 594 1755 contemnere
609 1705 684 1768 deos,
701 1722 806 1758 exsrrere
821 1709 944 1775 patriamj
960 1723 1006 1771 pa-

90 1794 189 1846 rentes,
201 1782 309 1843 liberos,
329 1781 435 1836 fratres,
453 1778 514 1826 rilia
528 1778 629 1828 habere.
643 1778 771 1844 Augendre
786 1792 871 1830 tamen
886 1780 1008 1839 multitu-

57 1887 60 1898 ·
90 1854 146 1904 dini
157 1856 306 1904 consulitur:
318 1853 383 1903 Nam
393 1862 418 1899 et
426 1866 516 1899 necare
527 1867 679 1915 quemquam
692 1869 722 1900 ex
731 1855 842 1918 agnatis,
851 1851 937 1902 netas:
949 1853 1007 1902 ani-
1036 1887 1037 1922 ,

89 1944 193 1992 masque
205 1926 291 1992 praelio
302 1936 346 1974 aut
357 1923 489 1986 suppliciis
504 1933 697 1988 peremptorum
709 1936 808 1975 aeternas
823 1937 925 1993 putant.
937 1927 1008 1975 Hine

88 1998 225 2066 generandi
242 2012 330 2054 amor,
351 2003 377 2041 et
397 1992 524 2041 moriendi
546 1997 719 2061 contemptus.
741 1999 850 2064 Corpora
874 1999 1007 2058 condere,

89 2074 165 2141 qulam
175 2087 301 2137 cremare,
314 2071 328 2120 e
343 2063 416 2119 more
425 2067 545 2136 AEgyptio
555 2089 563 2136 3
575 2069 713 2138 eademque
727 2089 786 2122 cura
796 2111 802 2132 ,
814 2087 840 2125 et
852 2075 884 2124 de
900 2075 1007 2126 inseruit
1036 2089 1037 2122 t

88 2150 219 2216 persuasio
230 2164 235 2194 x
247 2146 387 2196 coelestium
398 2142 495 2192 contra.
505 2144 617 2208 AEgyptii
627 2144 746 2209 pleraque
756 2148 887 2207 animalia,
895 2149 1008 2214 effigies·
1036 2139 1037 2148 ¹

90 2233 139 2286 que
149 2218 302 2285 compositas
312 2226 483 2280 venerantum
500 2215 514 2262 J
517 2215 580 2264 udal
588 2223 674 2266 mente
684 2217 736 2266 sota
746 2253 754 2278 ,
766 2237 896 2284 unumque
908 2237 1007 2270 numen

90 2293 243 2358 intelligunt.
255 2309 270 2338 u
278 2287 401 2338 Prolauos
412 2324 418 2343 ,
428 2288 472 2352 qui
484 2285 561 2336 dedm
572 2287 708 2354 imagines,
717 2291 865 2342 mortalibus
876 2294 1005 2352 materiis,

90 2368 119 2417 in
131 2367 226 2433 species
239 2363 372 2412 homiuum
381 2362 509 2428 effingant.
521 2362 655 2412 Summum
668 2356 733 2412 sstud
743 2377 768 2414 et
779 2378 1005 2430 aetemurn‚neque

89 2441 227 2497 mutabile,
243 2455 325 2504 neque
342 2439 504 2487 interiturum
513 2453 537 2488 r.
562 2437 645 2504 lgitur
664 2439 733 2487 nulla
748 2441 882 2507 simulacra
898 2439 1007 2489 urbibus

89 2519 157 2573 suis,
171 2513 266 2564 nedum
278 2512 378 2578 templis
390 2512 485 2561 sinunt.
497 2511 556 2560 Non
568 2511 670 2578 regibus
682 2509 734 2560 hec
744 2513 870 2572 adulatio,
882 2529 935 2560 non
946 2514 1004 2562 Οε-

91 2585 190 2640 saribus
206 2585 297 2636 bonor.
314 2583 377 2648 Sed,
395 2584 454 2648 quia
474 2582 618 2632 sacerdotes
639 2600 728 2634 eorum
744 2585 806 2634 attis
821 2586 1005 2652 tympanisque

89 2660 266 2718 concinebant,
274 2655 368 2706 hederd
377 2655 554 2706 vinciebantur
566 2674 572 2703 ε
582 2656 689 2722 vitisque
698 2674 771 2707 aurea
782 2658 878 2722 templo
884 2671 1001 2724 reperta:

31 2756 35 2765 ·
90 2732 235 2784 (tlalbel'um
246 2743 347 2798 patrem
357 2731 424 2789 coli,
440 2729 595 2779 domitorem
608 2729 758 2795 Orientis»,
768 2729 872 2796 quidam
883 2732 1001 2782 arbitrati

87 2816 159 2869 sunt,
174 2820 334 2868 nequaquam
353 2803 551 2868 congruentibus
565 2804 705 2854 institutis:
723 2806 816 2871 quippe
827 2805 906 2854 Liber
917 2803 999 2855 festos

86 2885 206 2944 latosque
217 2879 279 2927 ritus
290 2880 390 2943 posuit,
403 2872 546 2927 ludaeorum
559 2895 614 2928 mos
626 2879 750 2928 absurdus
762 2877 940 2942 sordidosque.

63 2999 69 3010 ,
119 2957 166 3005 Vl.
183 2953 261 3001 Terra
273 2952 400 3015 finesque,
418 2951 467 3014 qua
478 2951 660 3001 adorientem
670 2963 790 3018 vergunt,
804 2948 897 3002 Arabis
912 2953 1003 3001 ter'mi·

44 3064 46 3067 -
86 3040 180 3080 arantur
193 3025 234 3074 :·'a
246 3022 369 3084 meridie,
388 3025 511 3090 AEgyptus
522 3023 622 3088 objacet
641 3043 648 3074 z
664 3028 694 3074 ab
710 3041 800 3081 occasu
810 3061 818 3091 ,
829 3023 964 3074 Phoenices
975 3036 1002 3075 et

87 3120 157 3154 mare
169 3119 174 3149 :
185 3100 388 3166 SeptentrIonem
400 3098 413 3146 a
426 3099 503 3148 latere
514 3099 591 3166 Syriae
607 3099 681 3164 longe
700 3109 873 3168 prospectant,
887 3101 1002 3167 Corpora

87 3176 221 3225 bominum
231 3173 339 3224 salubria
347 3207 355 3233 ‚
364 3183 390 3221 et
397 3172 503 3220 ferentia
511 3173 630 3222 laborum
642 3177 708 3223 :rari
718 3175 825 3233 imbres,
834 3173 1000 3240 uberlsolum.

87 3247 234 3298 Exuberant
243 3246 327 3312 fruges
339 3257 457 3296 nostrum
469 3245 503 3294 a'd
511 3261 626 3310 morem,
639 3259 779 3316 praeterque
793 3264 834 3296 eas
849 3247 999 3296 llalsemum

91 3331 118 3369 et
126 3320 227 3372 Palmae.
237 3321 358 3372 Palmetis
365 3319 505 3388 proceritas
515 3318 635 3382 et'decor.
643 3315 790 3374 Balsam'nm
798 3319 899 3390 m9dica
907 3321 998 3373 arbor:
