2100 3709
382 56 567 124 sturttsrpra
587 59 653 108 nra.
671 59 723 97 nr.
956 50 1006 117 ²¹⁴7

128 141 159 192 la.
171 139 246 208 Ergo,
255 139 316 189 dum
329 141 442 189 «scelera
453 141 586 206 principis,
599 151 625 188 et
636 142 710 188 linem
722 139 807 188 adesse
817 139 931 206 imperii,
941 142 1007 191 deli-

94 215 273 282 genitumque,
286 215 329 278 qui
338 211 493 270 fessisrebus
504 226 663 261 succurreret
670 231 684 261 u
690 251 698 275 ,
711 214 807 261 interae
816 227 860 263 aut
869 216 1009 263 interemi·

92 306 140 338 cos
151 290 259 352 jaciunt,
271 285 561 352 aggregarere'l'ullium
571 288 747 344 Senecionem,
760 287 906 336 Cervarium
915 289 1010 339 Procu-

92 363 165 422 lum,
177 362 324 409 Vulcatium
334 359 482 417 Araricum,
498 359 594 408 Jnttum
606 361 778 425 Tugurinum,
789 359 934 408 Munatium
944 360 1011 412 Gra-

92 439 169 491 tum,
185 435 327 484 Antonium
340 427 470 492 Natalem,
485 433 608 482 Martium
620 435 740 494 Festum,
752 436 849 500 equites
861 437 1008 491 Romanos:

91 509 237 574 ex'quilsus
256 507 360 558 Senecio
368 506 405 561 ‚le
422 507 546 572 precipui
564 507 734 556 familiaritate
751 507 879 565 Neronis,
897 511 1008 575 speciem

87 583 209 646 amicitie
218 583 294 631 etiam
305 594 360 631 tum
371 583 498 642 retinens,
509 582 541 630 eb
549 584 665 648 pluribus
673 583 794 648 periculis
804 583 1008 634 conflictabatur.

88 658 330 724 Natalispurticeps
344 655 376 704 ad
388 671 463 704 omne
476 669 603 704 secretum
620 658 708 705 Pisoni
719 669 772 705 erat
783 675 788 704 :
801 659 893 706 ceteris
908 652 965 723 spes
977 674 1008 707 et

89 733 168 784 novis
176 733 251 780 rebus
260 733 401 797 petebatur.
411 729 519 798 Adscitse
529 743 601 789 sunt,
610 748 685 798 super
693 731 815 795 Subrium
825 733 1008 798 etSulpiciutn,

91 803 126 852 tle
141 806 232 869 quibus
244 806 336 861 retuli,
348 805 472 852 militares
486 821 591 862 manus,
606 805 717 854 Granius
728 806 859 863 Silvanus,
873 817 899 853 et
914 805 1010 854 Statius

89 877 243 934 Ptoximus,
261 879 357 927 tribuni
372 875 518 928 cohortium
534 878 725 943 praetoriarum,
740 875 870 928 Maximus
885 879 1009 943 Scaurus,

91 962 121 1000 et
137 953 250 1002 Venetus
264 951 367 1001 Paullus
379 989 385 1010 ,
396 954 567 1002 centuriones.
586 950 636 999 Sed
652 969 779 1000 summum
796 951 873 999 robur
886 952 914 1000 in
930 951 1009 999 Fenio

84 1023 178 1081 -ltuto,
192 1027 322 1090 praelecto,
342 1025 490 1080 videbatur,
509 1041 588 1090 qnem
604 1022 655 1072 vitri
674 1024 789 1090 famique
803 1023 950 1086 laudatum,
964 1041 1009 1092 per

91 1097 216 1151 aeritimi
224 1099 607 1164 impudicitiamqueTigellinus
618 1099 739 1146 inanimo
750 1099 1007 1164 principisanteibal,

88 1171 266 1239 ‘fatigabatque
277 1171 511 1228 criminationibus,
523 1190 551 1219 ac
560 1189 623 1236 sepe
632 1171 657 1220 in
667 1185 763 1220 metum
777 1173 928 1235 adduxerat,
937 1174 1011 1236 quasi

87 1246 259 1296 'uadulterurn
266 1244 422 1310 Agrippina,
432 1255 458 1292 et
468 1243 594 1292 desiderio
602 1244 654 1303 ejus
662 1247 755 1292 ultioni
763 1247 888 1294 intentum
895 1264 920 1296 n.
928 1247 1010 1311 Igitur

91 1319 140 1368 ubi
155 1319 291 1387 conjuratis
302 1315 449 1382 ‘praesectum
464 1332 565 1382 qnoque
578 1317 690 1382 pretorii
703 1319 728 1364 in
741 1328 825 1383 partes
837 1317 1007 1373 descendisse,

88 1390 271 1457 crebro'ipsins
283 1405 398 1438 sermone
412 1387 476 1447 latria
490 1389 568 1452 fides3
586 1385 796 1454 promptiirsjam
808 1391 839 1440 de
854 1404 968 1457 tempore
980 1406 1010 1440 ac

85 1471 148 1520 loco
159 1468 233 1519 caedis
246 1467 383 1532 agitabant.
396 1467 429 1514 Et
442 1464 559 1530 recepisse
572 1463 699 1528 impetum
708 1480 722 1509 u
737 1465 843 1514 Subrius
854 1467 958 1514 Flavius
969 1464 1011 1515 le-

88 1543 204 1600 rebatur,
215 1559 229 1590 «
237 1542 261 1589 in
270 1538 342 1588 scena
352 1551 485 1588 canentem
495 1537 623 1585 Neronem
634 1536 814 1604 adgrediendi3
828 1551 872 1609 ant
883 1554 961 1603 quum
971 1555 1010 1587 n·-

92 1616 170 1666 dente
185 1615 262 1663 domo
278 1630 321 1679 per
337 1611 508 1664 nossentne
525 1609 716 1659 illuc'cursaret
734 1611 906 1660 incustoditus
918 1628 944 1660 n.
961 1610 1010 1659 llic

92 1689 193 1741 occasio
206 1685 369 1748 solitudinis3
384 1686 420 1734 ibi
434 1686 487 1750 ipsa
501 1683 644 1747 frequentia
660 1683 724 1732 tanti
738 1683 839 1733 decoris
855 1686 939 1741 testis,
955 1683 1012 1749 pul·

92 1763 249 1814 cherrimum
261 1760 373 1812 animum
383 1758 610 1806 exstimulaverant
620 1775 626 1805 ε
638 1757 686 1806 nisi
700 1758 859 1823 impunitatis
867 1755 959 1824 cupido
967 1771 1012 1805 re·

93 1839 230 1898 tinuisset,
241 1834 338 1900 magnis
347 1849 446 1898 semper
456 1829 590 1880 conatibus
601 1825 715 1891 adrersa.
771 1830 773 1834 ’

128 1909 171 1958 tt.
188 1908 292 1958 Interim
310 1905 488 1956 cunctantibus
507 1904 746 1971 prolatantibusque
764 1920 835 1973 spem
854 1920 882 1953 ac
898 1906 1014 1972 metum,

92 1983 226 2052 Epicharis
238 1979 351 2046 quaedam
362 1982 506 2043 ,incertum
516 1995 628 2043 quonam
639 1979 717 2028 modo
730 1983 856 2030 sciscitata
868 1979 965 2048 (neone
973 1978 1013 2028 ittt

90 2059 154 2110 *anth
167 2057 216 2106 ulla
228 2072 313 2104 rerum
328 2055 492 2104 honestarum
505 2069 566 2100 cura
581 2053 694 2118 luerat),
705 2055 857 2116 accendere,
869 2066 895 2102 et
907 2071 934 2102 ar
952 2070 1012 2103 uere

87 2129 242 2196 'conjuratos
253 2148 258 2177 :
270 2145 298 2178 ac
309 2125 439 2193 postremis
453 2125 614 2174 lentitudinis
624 2143 715 2175 eorum
724 2123 846 2192 pertesa,
860 2139 887 2176 et
898 2127 925 2176 in
935 2071 1012 2176 lam-

90 2207 172 2274 ‘pan'ni
183 2221 273 2269 agens,
285 2203 409 2269 primores
422 2198 612 2248 classiariorum
625 2200 808 2248 Misenensium
820 2200 975 2258 labefacere,
985 2212 1012 2250 ct

96 2277 253 2330 conscientia
266 2278 363 2344 illigare
371 2276 479 2324 connixa
491 2285 530 2322 est
541 2271 585 2320 tali
597 2272 683 2321 initio.
694 2275 756 2324 Erat
770 2273 929 2322 chiliarchus
940 2275 966 2323 in
983 2275 1012 2322 el

97 2355 178 2404 classe
188 2351 311 2400 Volusius
323 2351 462 2408 Proculus,
474 2346 620 2396 occidenda
632 2351 719 2396 matris
728 2349 835 2396 Neronis
847 2349 913 2398 inter
921 2348 1014 2396 minis-

19 2475 23 2482 ,
84 2425 167 2483 *tr-os,
179 2441 269 2474 nouex
278 2423 451 2490 magnitudine
461 2423 563 2472 sceleris
569 2433 713 2487 provectus,
722 2423 872 2469 utrebatur:
883 2423 905 2469 is
912 2420 1012 2469 mulieri

101 2503 165 2552 olim
176 2502 306 2566 cognitus,
315 2515 358 2548 sen
370 2492 456 2546 recen‘s'
469 2497 523 2545 ortsl
536 2495 660 2552 amicitia,
672 2495 733 2543 dum
745 2497 856 2544 emerita
868 2494 924 2558 erga
933 2494 1013 2542 Nero·

97 2564 1013 2640 nernsua,etquaminirriturncecidisseutu,aperiandiicitqueqnestus,

98 2659 128 2702 et
143 2651 370 2702 «destinationem
387 2650 518 2710 vindicte,
534 2648 554 2699 si
569 2646 673 2702 facultas
692 2648 801 2698 oriretur
811 2662 841 2706 a,
856 2661 926 2712 spem
943 2643 1014 2695 dedit

30 2743 32 2745 ·
100 2733 177 2796 posse
186 2725 297 2790 impelli,
309 2737 335 2774 et
344 2725 429 2790 plnres
440 2723 576 2773 conciliare
587 2740 593 2770 z
606 2737 675 2770 nnec
683 2722 870 2772 levesuxilium
882 2721 908 2768 in
917 2718 994 2768 classe
1007 2736 1013 2768 z

55 2788 60 2796 ’
86 2797 201 2848 'crebras
213 2799 378 2846 occasiones»
389 2820 395 2861 3
408 2799 465 2863 quia
477 2798 546 2847 Nero
558 2795 643 2844 multo
654 2795 721 2862 apud
734 2796 838 2847 Putelos
848 2807 874 2844 et
885 2795 1014 2843 Misenum

28 2901 33 2908 =
100 2875 179 2923 maris
188 2889 232 2920 usn
244 2873 383 2924 letabatur.
395 2867 686 2940 Ergsi'Epiobarisplura
696 2891 702 2920 :
714 2871 1015 2938 etomniascelerapriu-

100 2950 164 3013 cipis
175 2947 291 2994 orditur:
303 2965 407 3014 cneque
419 2950 518 2998 senatui
531 2945 593 3010 quid
606 2963 723 2996 manere:
737 2947 782 2997 sed
792 2949 936 3016 provisum,
948 2959 1014 3008 quo·

69 3034 75 3041 ‘
100 3038 160 3072 nam
179 3020 256 3070 modo
271 3037 357 3086 poenas
373 3039 465 3071 eversa
481 3021 627 3086 reipublice
646 3021 717 3070 daret
731 3024 921 3087 :accingeretur
936 3013 1016 3064 modb

99 3109 193 3146 navare
205 3109 325 3160 operam,
337 3106 364 3144 et
377 3097 490 3146 militum
504 3096 642 3144 acerrimos
653 3093 745 3143 ducere
756 3096 783 3142 in
795 3107 890 3160 partes,
902 3106 931 3136 ao
941 3087 1016 3150 digna

103 3169 186 3238 pretia
196 3179 351 3232 exspectaret
360 3187 385 3218 u.
401 3169 512 3216 Nomina
524 3181 610 3217 tamen
622 3166 811 3230 conjuratorum
819 3164 928 3216 reticuit.
940 3158 1016 3206 Unde

87 3247 89 3250 '
100 3238 206 3290 Proculi
223 3239 345 3290 indicium
356 3242 456 3292 irritum
469 3239 535 3302 luit,
544 3241 661 3304 quamvis
668 3255 711 3298 ea,
721 3257 774 3304 que
783 3240 912 3288 audierat,
923 3231 956 3280 ad
964 3230 1018 3276 Ne·

87 3311 198 3368 'runem
208 3313 355 3378 detulisset.
370 3299 460 3368 acciu
474 3315 570 3382 quippe
583 3310 724 3378 Epicharis,
739 3323 765 3361 et
782 3328 840 3435 capp
851 3310 933 3360 indice
943 3317 1016 3354 conr·
