2100 3709
406 18 435 55 c«
455 16 553 56 COH-
575 13 691 57 MCH'I

99 94 201 148 veniam
213 93 309 147 ordinis
320 97 353 149 ob
364 112 545 169 pappertstem·
554 102 661 167 petenti,
674 98 758 148 decies
773 99 920 151 sestertium
932 90 1041 159 targi-

100 182 142 219 tus
150 182 197 231 est,
204 172 267 219 satis
276 185 417 240 comperto,
424 163 571 255 paternasei
579 176 705 239 angustias
713 189 781 221 esse:
793 174 915 221 tentantis
924 170 1040 221 eidem

101 243 166 293 alios
172 283 181 305 ,
191 246 296 310 probare
309 264 409 296 causam
419 251 518 300 astratui
531 249 603 313 jussit
612 285 618 308 ,
628 248 747 313 cupidine
757 248 899 297 severitatis
909 283 916 306 ,
934 248 959 295 in
978 241 1037 291 hi!

102 318 178 365 etiam
191 336 244 383 quae
253 324 302 369 rite
310 320 410 393 saperet.
419 324 523 371 acerbus
539 341 545 370 :
559 323 626 371 unde
636 325 714 373 ceteri
722 323 854 373 silentium
863 334 889 371 ct
898 334 1012 387 pauper
1019 343 1036 353 -

102 401 181 451 tatem
194 393 346 443 confessioni
355 407 380 444 et
391 395 514 445 beneficio
526 396 692 462 praeposudre.

106 510 111 515 ,
134 462 261 518 LXXVI.
274 467 370 515 Eodem
379 484 445 517 anno
450 471 580 518 continuis
587 469 711 519 imbribus
720 480 809 532 auctus
814 468 915 526 Tiberis
919 504 927 531 ,
935 466 1032 534 plana

103 537 174 585 urbis
181 552 342 606 stagnaverat
353 559 359 590 ε
371 539 525 592 relabentem
534 554 619 592 secuta
626 555 664 592 est
670 542 832 593 aedificiorum
843 555 868 591 et
877 541 1033 591 hominum

50 676 51 681 1
106 620 210 676 strages.
229 613 311 677 Igitur
330 618 428 665 censuit
445 616 548 665 Asinius
566 616 670 673 Gallus,
693 614 1047 682 autlibriSibyllittiadia

51 682 54 689 A
103 697 213 737 rentur»
228 704 234 733 ι
252 689 336 737 renuit
351 690 482 748 Tiberius,
495 690 600 757 perinde
610 691 695 739 divina
706 689 865 753 humanaque
878 690 1030 753 obtegens.

103 760 154 809 sed
164 760 303 809 remedium
314 764 447 813 coercendi
456 766 568 813 fluminis
576 763 652 814 Ateio
664 764 796 831 Capitoni,
808 777 834 813 et
845 766 875 815 L.
887 763 1032 813 Arruntio
1045 790 1047 814 ι

105 832 264 883 mandatum.
274 834 394 885 Achaiam
405 856 433 887 ac
443 837 618 887 Macedoniam
629 853 705 885 onera
715 838 887 903 deprecantis,
898 838 980 885 levari
994 840 1032 884 in

104 922 212 973 praesens
227 914 401 973 proconsulari
422 914 546 979 imperio,
565 912 681 976 tradique
702 914 790 961 Caesari
808 913 913 978 placuit.
930 912 1032 960 Eden-

105 978 145 1027 ‹lis
157 978 351 1055 gladiatoribus,
366 1002 429 1051 quos
440 986 586 1035 Germanici
599 986 683 1034 fratris
696 1001 725 1034 sc
738 987 898 1033 suo‘nomine
909 983 1032 1032 obtule-

45 1113 48 1120 ,
73 1055 76 1061 ’
106 1064 158 1107 sat.
178 1054 275 1106 Drusus
290 1061 425 1123 praesedit,
447 1078 590 1126 quanquam
604 1060 648 1108 vili
663 1064 785 1124 sanguine
797 1060 873 1107 nimis
884 1057 1003 1123 gaudens
1020 1074 1029 1101 :

107 1127 176 1191 quod
186 1130 487 1197 vulgussormidolosum,
502 1147 528 1183 et
537 1146 608 1201 pater
617 1134 727 1199 arguisse
740 1132 869 1180 dicebatur
880 1149 886 1178 :
897 1147 943 1179 cur
956 1130 1030 1177 abs-

107 1203 211 1251 tinuerit
221 1209 364 1269 spectaculo
376 1209 428 1275 ipse
438 1209 505 1259 vari‘e
516 1208 649 1258 trahebant
660 1226 665 1256 :
677 1206 798 1255 aliitaedio
809 1205 901 1264 caetris,
911 1202 1028 1268 quidam

107 1277 213 1325 tristitid
230 1280 338 1345 ingenii,
353 1293 378 1331 et
388 1295 457 1333 metu
468 1281 681 1349 comparationis,
692 1281 751 1345 quia
764 1278 892 1345 Augustus
906 1278 1029 1327 comiter

107 1350 1030 1412 interfuisset.Noncrediderimsdostentandamsaevitiam,movendas-

107 1444 156 1493 que
169 1430 259 1495 populi
269 1428 425 1481 voffensiones
432 1467 439 1491 ‚
455 1447 600 1482 concessam
612 1431 664 1479 filio
676 1428 807 1480 materiem
819 1435 982 1490 :quanquam
994 1424 1029 1472 id

108 1519 209 1569 quoque
221 1504 317 1555 dictum
330 1522 377 1559 est.

139 1580 276 1629 LXXVII.
289 1582 324 1626 At
336 1581 428 1625 theatri
438 1576 540 1623 licentia
549 1574 667 1639 proximo
676 1574 761 1638 priore
773 1590 840 1621 anno
851 1581 947 1643 coepta,
960 1591 1029 1639 gra-

108 1648 166 1697 vitis
182 1661 235 1695 tum
246 1653 341 1713 erupit,
355 1648 443 1695 occisis
458 1664 508 1694 non
521 1646 597 1695 modis
607 1645 620 1693 ie
630 1647 717 1712 plebe,
732 1646 777 1695 sed
788 1648 912 1698 militibus
922 1660 952 1702 et,
960 1666 1028 1697 cen·

109 1722 210 1769 turione
224 1721 357 1769 vulnerato
368 1721 469 1769 tribuno
479 1724 600 1786 pretoriae
609 1720 734 1779 solicitis,
746 1721 806 1768 dum
818 1722 910 1787 probra
922 1725 949 1770 in
961 1740 1026 1771 rna-

110 1797 229 1861 gistratus
240 1808 263 1843 ct
274 1796 456 1842 dissensionem
469 1796 538 1859 vulgi
549 1794 693 1861 prohibent.
703 1794 798 1843 Actum
808 1795 838 1843 de
848 1796 876 1844 ed
888 1796 1023 1845 seditione

110 1868 179 1933 apud
188 1881 271 1933 patres
280 1906 285 1925 ,
293 1861 493 1932 'dicebanturque
503 1870 643 1927 sententiae,
662 1881 710 1917 nut
720 1870 868 1935 praetoribus
879 1866 918 1934 jus
929 1874 1022 1937 virga-

110 1960 167 1991 rum
182 1944 207 1989 in
220 1942 354 1991 histriones
368 1954 474 1991 essetis:
491 1938 761 1993 iniercessitflaterius
774 1943 885 2009 Agrippa
898 1944 1024 1994 tribunus

110 2016 203 2081 plebei,
214 2016 400 2082 increpitusque
411 2027 448 2063 est
456 2015 613 2065 AsiniiGalli
622 2019 746 2069 oratione.
756 2012 845 2065 silente
852 2018 874 2064 T
875 2018 966 2081 iberio,
977 2022 1026 2081 qui

46 2088 48 2101 '
112 2107 141 2140 ea
152 2089 285 2141 simulacra
298 2090 419 2137 libertatis
433 2092 530 2137 senatui
542 2092 669 2155 p‘rabebat
683 2109 689 2139 ε
702 2090 783 2137 valuit
795 2103 879 2138 tamen
893 2093 1024 2141 interces-

112 2166 163 2224 sio,
172 2166 216 2229 qui
226 2163 298 2229 divus
308 2160 437 2225 Augustus
449 2166 578 2214 immunes
588 2165 725 2215 verberum
737 2164 882 2215 histriones
889 2152 1027 2226 quondam

111 2237 289 2305 responderat,
301 2250 381 2297 usque
393 2232 430 2282 ins
439 2235 543 2283 Tiberio
552 2236 684 2301 infringere
695 2237 761 2285 dicta
771 2236 833 2299 ejus.
843 2237 879 2284 De
888 2238 967 2287 modo
979 2240 1026 2287 tus

88 2360 91 2365 Δ
112 2314 191 2368 saris,
207 2322 232 2357 et
249 2308 368 2355 adversus
383 2309 512 2359 lasciviam
527 2309 673 2370 fautorum,
687 2312 768 2360 multa
783 2310 970 2377 decernuntur3
990 2330 1026 2361 ex

112 2386 169 2451 quis
181 2381 290 2431 maxime
304 2383 428 2447 insigniar
451 2384 508 2433 nNe
520 2384 611 2436 domos
623 2386 839 2452 pantomimorum
857 2397 961 2434 senator
977 2388 1026 2435 irs-

81 2476 99 2517 ,1
111 2462 221 2509 troiret:
241 2474 272 2505 ne
285 2456 440 2522 egredientis
454 2459 479 2507 in
493 2460 625 2525 publicum
638 2463 735 2524 equites
747 2457 854 2507 Romani
869 2456 1002 2523 cingerent
1016 2480 1023 2508 :

112 2544 156 2583 aut
167 2532 227 2580 aiibi
237 2530 312 2595 quint
324 2532 350 2579 in
360 2532 459 2581 theatro
471 2546 659 2598 spectarentur:
671 2546 696 2582 et
703 2534 871 2597 spectantium
883 2533 1023 2591 immodes-

44 2606 46 2610 ’
112 2609 174 2659 tiam
189 2608 277 2655 exsilio
289 2603 414 2654 multandi
426 2618 537 2671 potestas
545 2608 694 2674 praetoribus
705 2606 807 2657 teret».

97 2700 99 2705 ¹
151 2679 301 2729 LXXVIII.
319 2678 457 2753 Templum
476 2680 548 2727 utin
565 2678 664 2740 qolonid
681 2677 863 2725 Tarraconensi
879 2688 1020 2729 strueretur

123 2750 243 2819 iugurto,
260 2755 406 2819 petentibus
423 2753 541 2816 Hispanis
553 2754 725 2818 permissum3
741 2751 878 2816 datumque
891 2755 915 2799 in
933 2770 1020 2804 omnes

130 2830 417 2894 rovinciaseremplum.
430 2828 601 2875 centesimam
611 2842 697 2887 rerum
710 2826 1019 2891 venaliumpostbellaci·

138 2920 170 2959 iss
184 2905 326 2953 institutam
335 2902 486 2967 deprecante
494 2900 600 2966 pupulo,
612 2899 813 2948 edixitTiberitts
825 2900 953 2949 «militare
959 2916 1018 2947 sera·

144 2998 182 3029 ιω
198 2992 228 3025 eo
244 2976 359 3025 subsidio
371 2975 436 3023 niti:
455 2974 531 3023 simul
548 2974 668 3039 imposui
687 2972 758 3020 oneri
775 2972 958 3038 rempublicam
970 2974 1021 3021 nisi

81 3052 86 3060 ’
150 3050 238 3097 :esimo
249 3048 347 3097 militiae
358 3064 425 3097 anno
438 3049 552 3097 veterani
562 3048 789 3102 dimitterenturn:
802 3045 838 3094 ita
849 3044 968 3109 proximas
979 3060 1018 3093 se·

155 3124 223 3173 ionis
235 3126 300 3173 male
310 3125 424 3172 consulta
436 3162 442 3181 ‚
454 3125 548 3190 quihus
558 3122 687 3174 sexhelm
697 3118 883 3187 stipendiorum
892 3120 967 3169 linem
977 3136 1018 3169 ex·

106 3214 107 3218 ¹
163 3210 271 3261 aserant,
284 3199 377 3247 abolita
391 3200 569 3265 inposterum.
583 3207 588 3216 “

167 3270 276 3359 diXIX.
287 3270 484 3352 Actum'deiotls
493 3273 519 3350 io
529 3284 620 3351 senatu
630 3270 663 3327 ab
674 3270 798 3328 trunto
810 3271 836 3328 et
846 3266 936 3335 Ateio,
945 3285 975 3357 sn
988 3268 1019 3320 ob
