2100 3709
290 82 530 125 nrsronrtttuu
552 89 617 128 trs.
641 92 699 128 111t
894 85 947 156 4⁰9

0 204 2 208 .
26 174 192 231 tortosque,
208 177 233 218 et
246 166 370 217 anfractus
385 170 502 237 viarum,
516 188 571 237 quae
582 189 658 240 gnara
671 174 827 239 Vitellianis,
842 178 945 229 incom-

26 254 105 289 erra
125 241 258 303 hostibus,
283 256 380 292 metum
398 244 509 294 fecerant
521 262 527 293 :
540 262 622 311 neque
636 248 720 298 omnis
734 266 810 314 eques
825 270 931 304 concors
938 293 947 317 ,

15 311 166 376 adiunctis
176 315 342 381 quibusdam,
354 317 397 382 qui
411 334 493 384 nuper
501 317 568 385 apud
579 320 702 368 Narniam
711 320 805 384 dediti,
816 322 946 376 fortunam

10 389 149 455 partium
160 390 355 455 speculabantur
366 408 372 437 ε
386 392 484 457 capitur
494 390 625 458 praelectus
634 396 677 441 alae
686 395 785 444 Tullius
795 396 944 449 Flavianus:

15 461 201 511 cetertfoeda
216 461 274 529 fugi
289 464 499 523 consternantur,
513 481 566 514 non
581 466 648 515 ultra
660 464 767 516 Fidenas
782 472 874 519 secutis
888 473 947 521 ric·

17 536 146 585 toribus.
467 595 470 605 ¹
910 599 913 604 γ

63 610 180 676 LXXX.
197 610 235 660 Eo
251 626 372 661 successu
392 606 476 663 studia
492 615 588 681 ,populi
607 625 697 665 aucta:
712 614 802 683 vulgus
819 604 948 669 urbanum

15 700 106 734 arma
125 683 205 751 cepit.
222 686 313 735 Paucis
331 698 402 735 scuta
419 685 553 746 militaria,
564 689 651 755 plures
662 690 756 755 raptis,
774 690 843 755 quod
856 694 948 759 cuique

15 757 160 818 obuium,
171 757 244 817 telis,
256 762 367 829 signum
375 778 477 829 pugnae
488 774 637 827 exposcunt.
647 760 708 828 Agit
717 775 799 829 grates
810 764 946 829 Vitellius,

12 844 55 881 et
68 832 110 883 ad
123 830 256 884 tuendam*
266 834 358 885 urbem
373 819 543 901 piorumpare
556 835 636 901 jubet.
651 838 712 887 Mox
728 843 819 887 vocato
836 853 925 890 senatu
931 879 944 903 ,

18 904 183 971 defiguntur
200 908 277 972 legati
296 908 328 955 ad
345 910 485 968 exercitus,
497 920 526 959 ut
542 920 666 976 pretexto
677 910 821 978 reipublicae
835 927 948 963 concor-

16 977 105 1027 diam
115 991 252 1043 pacemque
263 980 406 1032 suaderent.
417 982 495 1032 Varia
505 984 648 1049 legatorum
658 1000 713 1036 sors
723 984 780 1034 ferit.
792 986 845 1051 Qui
854 988 948 1035 Petilio

16 1048 137 1100 Ceriali*
144 1052 322 1111 occurrebant,
340 1065 483 1103 extremum
499 1054 648 1104 discrimem
663 1056 763 1118 adiere,
780 1055 949 1126 adspernante

13 1126 117 1175 milite
126 1126 285 1185 conditiones
295 1127 364 1192 pacis
375 1145 380 1175 :
393 1120 543 1177 ¹vulneratur
551 1140 643 1194 praetor
653 1165 659 1186 ,
668 1129 798 1180 Arulenus
808 1135 927 1184 Rusticus
938 1154 945 1184 ε

18 1198 109 1256 auxit
122 1198 263 1263 invidiam,
278 1218 353 1268 super
364 1200 575 1267 vlolatumlegati
585 1205 749 1269 praetorisque
764 1222 871 1268 nomen,
885 1210 949 1274 pross

14 1275 90 1342 pria
102 1271 216 1337 (lignatio
228 1274 278 1323 viri
291 1291 297 1323 :
311 1274 429 1341 palantur
439 1274 546 1325 comites
559 1293 566 1323 :
580 1275 704 1325 occiditur
715 1278 849 1342 prosimus
857 1282 952 1347 lictorf'

16 1348 165 1397 dimovere
183 1348 286 1398 turbam
305 1363 393 1412 autus3
412 1360 453 1409 et,
473 1348 502 1395 ni
521 1348 581 1397 dcto
599 1348 614 1397 d
631 1348 695 1397 duce
717 1349 833 1415 prasidio
850 1351 949 1403 detersi

14 1422 134 1478 forent,
154 1436 252 1469 sacrum
272 1420 349 1470 etiam
368 1422 434 1472 inter
449 1432 548 1469 exteras
560 1433 648 1487 gentes
663 1422 806 1486 legatorum
819 1423 875 1488 jus,
887 1437 949 1475 ante

18 1502 90 1565 ipsa
105 1499 191 1563 patriar
211 1492 316 1562 moenia,
337 1496 420 1546 civilis
436 1496 518 1546 rabies
537 1512 615 1560 usque
630 1489 658 1545 ‘m
673 1498 778 1545 exitium
791 1509 948 1549 temerasset.

18 1572 199 1639 AEquioribus
209 1572 299 1621 auimis
311 1572 407 1639 accepti
417 1584 486 1633 sunt,
496 1571 541 1637 qui
549 1565 583 1620 'ad
591 1570 735 1621 Antonium
745 1584 884 1622 venerant:
894 1590 948 1624 non

18 1649 95 1717 qnia
107 1644 245 1695 modestior
257 1646 346 1709 miles,
359 1644 404 1695 sed
417 1644 475 1695 duci
488 1646 547 1711 plns
560 1645 731 1708 auctoritatis.

61 1716 191 1773 LXXXI,
208 1720 344 1769 Miscuerat
360 1736 387 1769 se
403 1719 493 1786 legatis
506 1718 642 1770 Musonius
652 1718 749 1778 Rufus,
760 1719 887 1784 equestris
900 1727 951 1769 ori

16 1793 118 1855 dinis,
141 1790 253 1841 studium
273 1790 456 1861 phIlosoplriae,
478 1803 505 1841 et
523 1793 617 1859 placita
634 1793 780 1842 Stoicorum
800 1793 946 1843 emulatus:

19 1867 225 1936 coeptabatque,
239 1865 378 1933 permistus
389 1859 542 1933 manipulis,
554 1868 628 1919 bona
637 1870 715 1933 pacis
726 1886 760 1918 ac
771 1866 840 1918 belli
849 1865 948 1920 discri-

19 1946 115 1997 mina
124 1937 256 1998 disserens,
270 1950 380 1986 armatos
389 1954 505 1991 monere.
515 1939 547 1989 Id
558 1940 684 2007 plerisque
694 1940 817 2001 ludibrio,
826 1941 948 2007 pluribus

18 2016 127 2067 taedio:
142 2027 189 2059 nec
208 2010 324 2071 deerant,
340 2011 383 2073 qui
397 2011 571 2075 propellerent
582 2015 827 2077 proculcarentque,
841 2018 884 2076 ni,
898 2017 947 2066 ad-‘

21 2090 136 2141 monitu
148 2084 331 2135 modestissimi
344 2078 481 2148 cujusque,
499 2095 527 2131 et
541 2084 599 2132 aliis
616 2086 809 2144 minitantibus,
819 2083 948 2139 omisisset

22 2160 244 2227 intempestivam
258 2158 417 2224 sapientiam.
430 2156 517 2205 onvtae
527 2155 596 2205 luere
606 2168 632 2205 et
644 2154 752 2221 virgines
762 2158 879 2209 Vestales
887 2178 948 2211 cum

24 2234 153 2306 epistolis
167 2230 280 2291 Vitellii,
296 2230 328 2280 ad
338 2229 478 2280 Antonium
490 2230 590 2295 scriptIs
603 2247 610 2277 ι
622 2229 721 2279 «eximi
732 2247 851 2296 supremo
860 2246 947 2284 certa-

17 2313 94 2366 mini
103 2324 181 2359 unam
192 2306 260 2355 diem
269 2304 436 2371 »postulabat
445 2325 454 2356 .·
468 2304 511 2351 «si
521 2320 621 2353 moram
630 2304 814 2369 interjecissent
824 2342 831 2365 ,
844 2306 949 2362 facilius

20 2386 122 2443 omnia
133 2392 287 2432 conventura
297 2396 322 2430 u.
332 2378 451 2443 Virgines
460 2394 519 2425 cum
530 2378 627 2427 honore
636 2378 746 2441 dimissa
756 2396 762 2425 :
773 2380 880 2430 Vitellio
890 2400 945 2432 res-

21 2461 160 2528 criptum,
186 2453 295 2503 aSabini
313 2451 393 2512 cede,
417 2462 443 2502 et
461 2449 579 2499 incendio
600 2451 720 2519 Capitoni
739 2450 867 2519 dirempta
884 2455 948 2508 belli

19 2528 218 2585 commercist.
598 2562 602 2571 ·
910 2584 914 2595 ,

67 2602 209 2656 LXXXII.
226 2598 348 2651 Tentarit
358 2610 444 2651 tamen
456 2599 584 2651 Antonius
593 2608 696 2648 vocatas
706 2595 739 2646 a'd
747 2600 894 2653 concionem
903 2602 945 2653 le·

23 2684 123 2751 giones
137 2676 270 2742 mitigare,
289 2686 357 2737 (rut,
374 2676 462 2725 castris
484 2670 559 2740 iusta
575 2687 682 2741 pontem
698 2674 827 2725 Mulvium
841 2678 945 2744 positis,

22 2752 137 2826 posteri
145 2750 186 2821 die
197 2750 287 2799 urbem
298 2749 489 2815 ingrederentur
498 2764 523 2799 u.
535 2749 611 2797 Ratio
620 2748 764 2809 cunctandi,
774 2766 806 2799 ne
815 2763 945 2817 asperatus

25 2828 124 2899 praelio
139 2825 225 2886 miles,
237 2840 290 2873 non
308 2824 418 2891 populo,
431 2839 483 2875 non
494 2824 604 2884 senatui,
619 2839 650 2871 ne
668 2824 770 2889 templis
781 2823 899 2891 quidem,
914 2844 944 2876 ac

23 2902 148 2955 delubris
166 2898 272 2949 deorum
291 2898 445 2949 consuleret.
464 2897 514 2947 Sed
532 2913 636 2949 omrrem
647 2898 831 2964 prolationem,
848 2912 877 2949 ut
892 2901 945 2949 ini·
974 2917 978 2928 ·

23 2978 127 3027 micam
139 2972 264 3031 victoriae,
278 2972 463 3038 suspectabant.
474 2973 556 3021 Simul
566 2972 687 3039 fulgentia
697 2987 742 3038 per
754 2975 832 3022 colles
840 2974 943 3032 vexilla,

25 3062 181 3115 quanquam
192 3044 300 3095 imbellis
309 3046 420 3111 populus
429 3056 584 3110 sequeretur,
594 3047 703 3111 speciem
710 3045 812 3093 hostilis
821 3043 945 3094 exercitiis
964 3089 969 3094 .

26 3124 159 3175 fecerant.
178 3118 318 3187 Tripartito
339 3119 451 3183 agmine,
471 3136 541 3183 pars,
556 3131 585 3167 ut
597 3119 742 3176 adstiterat,
754 3116 877 3167 stamius
886 3116 944 3182 vit3

27 3213 93 3265 pars
104 3194 177 3259 iuxta
194 3194 277 3265 ripam
291 3192 393 3252 Tiberis
408 3194 523 3259 incessit3
537 3194 638 3242 tertium
647 3207 745 3258 agmen,
757 3207 803 3257 per
813 3190 943 3250 Salariam,

28 3270 140 3319 Collinas
155 3280 234 3336 portre
246 3268 443 3333 propinquabat.
456 3266 532 3317 Plebs
541 3268 648 3316 invectis
657 3262 783 3329 equitibus
795 3264 857 3312 susa.
867 3264 942 3313 Miles

28 3343 192 3397 Vitell'tsnus
208 3343 280 3394 trinis
299 3342 395 3411 et¹ipse
412 3328 532 3410 presidiis
546 3341 663 3392 occtrrrit.
673 3339 766 3395 ¹Petelia
778 3349 837 3459 sape
851 3337 949 3387 urbsnr

544 3443 549 3490 Ι

709 3564 712 3573 “
787 3561 795 3591 Ι
