2100 3709
276 44 516 89 rrrsronrsnutr
537 47 602 86 urs.
628 50 648 84 r.
865 32 918 85 515

23 130 78 181 tunt
88 128 185 191 nostrl„
197 127 273 194 quim
283 130 427 179 nobiscum.
436 129 502 179 Nam
513 127 619 177 sundere
629 124 736 193 principi
750 126 818 191 quod
832 142 915 193 opor·
936 134 950 163 *r

20 215 80 262 teet,
92 204 162 253 multi
173 204 267 252 laboris
278 222 284 251 ε
295 204 431 253 assentatio
440 202 647 268 ergsprinoipem
663 216 849 266 quemcumque
859 202 915 249 sine

20 276 102 326 affectu
116 278 251 343 peregiture
546 298 554 304 ·
606 302 610 307 ·

47 351 116 399 XVI.
126 368 141 399 u
149 352 175 399 Si
188 352 340 399 immensum
353 348 453 415 imperii
470 362 562 415 corpus
574 360 640 399 stare
657 365 685 397 eo
699 349 787 400 librari
797 350 851 397 sine
862 366 919 399 rec·

20 433 70 470 tore
78 434 174 488 posset,
184 424 275 488 diguus
283 440 352 470 eram
360 457 367 479 ,
376 421 391 470 ri
399 439 449 486 quo
458 422 600 488 respublica
608 422 741 489 inciperet.
751 422 824 471 Nunc
833 422 862 470 eis
872 436 919 469 ns-

20 495 192 559 cessitatisjam
200 494 302 561 pridem
314 506 419 543 ventum
435 505 485 553 est,
496 507 526 543 ut
541 512 588 544 nec
600 511 656 544 men
673 505 787 544 senectus
805 494 924 548 conferre

20 570 71 633 ptus
82 568 175 635 populo
188 570 304 617 Romano
316 567 415 633 possit,
426 567 502 631 quim
513 569 609 617 bonurn
620 584 790 618 successorem
801 604 807 626 ,
820 584 866 617 nec
876 580 920 617 tna

21 640 196 704 pluriorem,
208 641 284 705 qusint
293 642 391 692 bonum
405 640 558 705 principem.
570 642 621 711 Splr
632 641 752 698 Tiberio,
764 654 790 691 et
803 643 879 698 Caio,
894 651 922 689 et

22 712 135 774 Claudio,
152 715 224 762 unius
236 712 338 762 lumiliae
355 707 425 777 qtissi
442 712 569 763 hereditas
585 713 699 780 luimusr
720 714 776 763 loco
795 715 922 767 libertatis
986 720 987 723 ’

21 787 78 843 erit,
94 786 164 850 qudd
184 787 241 851 eligi
259 787 390 852 coepimus.
412 788 446 835 Et
464 784 535 836 finiti
556 787 681 837 Iuliorum
702 786 924 851 Claudiorumque

21 860 92 909 domo
99 897 106 917 ,
113 855 237 926 optimnr'n
244 860 476 927 quemqueadoptio
483 862 606 911 invenior.
617 862 683 911 Nam
692 864 806 927 generari
816 874 841 925 et
853 860 922 911 uesci

21 931 33 981 i
42 935 196 999 principibus
207 935 354 995 fortuitum,
364 951 410 983 nec
417 933 483 983 uitri
489 936 625 984 aestimetur
637 934 789 1001 :adoptandi
797 934 924 999 judicium

22 1007 140 1071 integrum
152 1025 158 1055 ι
171 1008 229 1055 ειέἰ
239 1008 302 1055 retis
315 1008 421 1071 eligere,
433 1024 558 1057 consensu
568 1020 737 1059 monstratura
745 1010 924 1071 Sitlarrteocu-

21 1078 56 1126 los
70 1078 155 1139 Nero,
172 1096 247 1145 quem
268 1078 344 1143 tongi
358 1080 484 1129 Ceratum
502 1080 567 1129 serie
581 1093 736 1145 tumentem,
753 1098 804 1131 non
819 1078 925 1133 Vindex

22 1167 74 1202 curu
87 1153 179 1202 inermi
190 1151 336 1219 provincial,
351 1163 394 1199 aut
406 1166 453 1215 ego
462 1167 521 1200 cum
536 1152 585 1201 und
594 1148 707 1218 legione,
723 1152 766 1203 sed
777 1171 821 1203 sun
835 1154 927 1201 imma·

21 1224 92 1285 nitas,
104 1243 151 1275 suu
162 1226 262 1274 luxuria
271 1224 412 1273 cervicibus
419 1222 527 1289 puhlicis
538 1223 655 1289 depuldre
666 1244 672 1273 :
684 1243 763 1289 neque
776 1238 830 1275 orat
841 1226 925 1278 edituo

21 1296 127 1357 damuati
139 1297 263 1363 principis
276 1294 432 1361 exemplum.
445 1292 500 1342 Nos
513 1294 596 1353 bello,
609 1308 634 1344 et
646 1296 677 1345 ab
689 1296 869 1349 aestimantibus
879 1298 930 1347 ad-

21 1371 85 1431 sciti,
100 1388 160 1420 cum
175 1370 285 1432 invidit,
298 1370 414 1434 quemvis
432 1368 537 1433 egregii,
555 1370 658 1420 erimus.
673 1370 711 1418 Ne
725 1380 808 1423 tamen
824 1373 928 1423 territus

20 1444 110 1505 tueris,
128 1447 152 1494 si
169 1445 223 1493 duae
240 1444 373 1507 legiones,
391 1442 418 1493 iu
432 1441 480 1492 h‘oc
495 1443 611 1491 concussi
623 1443 692 1491 orbis
708 1454 797 1502 motu,
812 1442 928 1497 nondum

21 1520 160 1583 quiescunt.
172 1518 209 1567 Ne
219 1519 273 1583 ipse
281 1516 384 1581 quidem
393 1516 427 1568 ad
438 1532 587 1565 recurreres
596 1517 689 1565 accessi
701 1528 742 1565 :et
753 1514 837 1564 auditi
848 1516 931 1586 adop-

22 1595 99 1658 tione,
113 1594 230 1643 desinam
244 1590 328 1640 rideri
344 1588 518 1655 sener,qnod
537 1606 604 1637 nunc
616 1588 678 1639 milri
698 1606 776 1645 upum
798 1589 927 1653 objicitur.
951 1646 957 1659 k

19 1667 84 1715 Nero
94 1668 109 1716 'a
120 1667 232 1733 pessimo
242 1680 342 1731 quoqne
355 1680 455 1730 semper
468 1662 671 1721 desiderabitur:
688 1661 751 1711 mihi
764 1678 794 1718 nc
807 1664 852 1711 tihi
865 1679 930 1728 pro·
981 1684 984 1701 ·

20 1740 157 1789 ridendum
166 1750 205 1789 est
214 1776 221 1797 ,
231 1756 264 1787 nc
275 1740 352 1787 etiam
364 1735 378 1785 d
388 1736 463 1795 bonis
472 1734 640 1788 desideretur.
649 1734 756 1787 Monere
770 1734 875 1799 diutius,
883 1754 933 1785 nc·

20 1830 66 1878 que
78 1814 202 1880 temporis
211 1811 300 1877 liuju55
315 1822 340 1859 et
352 1810 485 1877 impierum
495 1819 534 1860 est
548 1808 622 1857 omne
633 1810 782 1867 consilium,
798 1810 819 1858 ei
830 1820 854 1857 te
865 1806 930 1859 bene

20 1890 90 1954 elegi.
105 1887 265 1937 Utilissimns
272 1875 390 1948 quidem,
401 1901 430 1933 ac
439 1884 604 1935 brevissimus
616 1882 741 1931 bonarum
753 1883 930 1947 malarumque
1007 1886 1015 1899 ''

19 1979 100 2014 rerum
113 1960 288 2021 delectante,
303 1958 428 2020 cogittre,
440 1956 502 2021 quid
513 1967 556 2004 eut
567 1955 676 2005 volueris
688 1956 735 2004 sub
744 1956 794 2005 alio
806 1958 932 2025 principe,
980 2006 983 2009 ,

13 2046 62 2095 Βιυῑ
75 2035 197 2083 nolueris.
211 2030 299 2096 Neque
313 2032 381 2078 enim
397 2028 499 2086 hic,'ut
516 2029 542 2075 in
560 2028 650 2075 ceteris
668 2028 801 2090 gentibus,
818 2046 872 2091 quse
887 2047 936 2081 rer

19 2119 142 2172 guantur.
155 2116 223 2153 certe
235 2102 398 2153 dominorum
408 2097 513 2163 domus,
531 2110 557 2146 et
569 2100 646 2147 ceteri
659 2098 726 2147 servi
742 2117 748 2147 :
763 2100 934 2167 sedimpere-

19 2195 88 2230 turus
98 2198 125 2230 cs
137 2176 297 2233 hominibus,
310 2175 353 2237 qui
364 2188 410 2221 nec
425 2182 506 2220 totam
519 2170 668 2219 servitutem
681 2168 734 2232 pati
746 2181 876 2232 possunt,
885 2188 933 2223 nec

18 2268 100 2307 totam
117 2254 299 2304 libertatemr.
316 2250 349 2299 Et
364 2246 445 2296 Galba
464 2244 582 2309 quidem,
603 2242 653 2291 hnc
671 2259 700 2290 nc
712 2242 787 2301 talis,
808 2255 930 2309 tanquam

19 2332 162 2397 principem
173 2326 282 2390 laceret5
296 2321 375 2371 ceteri
385 2333 506 2383 tanquam
520 2318 579 2365 cu‘m
592 2315 659 2363 lacto
671 2316 849 2379 loquebantur.
873 2384 876 2389 1

51 2403 142 2456 XVII.
157 2400 273 2449 Pisonem
285 2394 370 2445 lerunt
380 2395 466 2443 statim
480 2390 655 2446 intuentibus,
666 2400 691 2435 et
703 2403 763 2436 mox
774 2388 893 2451 conjectis
904 2390 932 2439 itt
975 2382 981 2399 '

19 2493 76 2530 eum
85 2457 200 2527 omnium
208 2470 300 2529 oculis,
310 2467 409 2515 nullum
419 2465 513 2516 turbati
523 2474 580 2520 ‚aut
590 2460 825 2510 exsultantisanimi
833 2472 933 2514 motum

13 2550 173 2622 prodidisse.
186 2543 276 2597 Sermo
290 2558 348 2606 erga
359 2552 457 2607 patrem
474 2539 702 2603 imperatoremque
713 2548 831 2583 reverens
842 2568 849 2592 ,
860 2532 891 2581 de
904 2550 932 2585 se
948 2564 952 2572 ·

16 2627 170 2677 ,nodemus
183 2639 189 2669 :
202 2617 266 2668 nihil
278 2617 304 2663 in
317 2614 400 2671 vultu
407 2606 547 2673 habituque
562 2618 688 2657 mutatum
702 2624 708 2653 r
722 2607 794 2670 quasi
808 2608 932 2672 imperare

17 2712 106 2769 posset
114 2696 210 2761 magis,
219 2691 295 2757 quim
305 2688 391 2739 vellet.
404 2684 583 2735 Consultatum
596 2682 669 2741 indis,
680 2698 749 2748 npro
759 2682 857 2739 rostris,
864 2698 896 2736 eu
908 2684 933 2735 io

17 2789 126 2836 senatu,
136 2790 168 2821 au
176 2772 201 2819 iu
209 2766 296 2821 castris
304 2763 409 2828 adoptio
420 2769 619 2824 nuncuparetur.
626 2758 663 2805 lri
673 2758 699 2805 iu
709 2768 810 2819 caestu»
821 2755 931 2820 placuit:

17 2870 34 2899 ι(
45 2846 218 2899 honorificum
230 2841 258 2889 id
266 2838 391 2888 militibus
402 2835 471 2890 sors,
481 2846 598 2895 vquerum
612 2830 724 2879 levorem
732 2860 744 2887 ,v
757 2840 787 2877 ut
799 2829 933 2895 largitione

15 2936 43 2974 et
55 2920 158 2973 ambitu
169 2915 234 2966 ursis²
247 2912 363 2977 adquiri,
372 2911 408 2959 ita
422 2924 467 2973 pet
479 2908 559 2955 boues
572 2916 638 2953 artes
650 2902 719 2962 haud
729 2903 933 2969 spernendum».

18 3000 230 3046 Circumstetere
243 2988 343 3041 interim
358 2981 481 3049 palatium
494 2976 596 3044 publica
609 2976 780 3042 exspectatio,
793 2976 878 3041 magni
892 2992 935 3024 se·,

17 3070 81 3121 creti
89 3057 343 3131 impatiens,etmate
350 3056 486 3105 coercitam
494 3053 588 3099 lamam
600 3049 788 3115 supprimentes
799 3048 935 3108 augebunt,

47 3137 152 3191 xviii.
169 3136 296 3196 Quartum
308 3130 368 3179 ldus
378 3126 527 3181 Ianuarias,
542 3122 644 3173 foedum
658 3121 780 3170 imbribus
796 3116 879 3176 client,
894 3130 936 3167 to-

12 3218 114 3273 nitrua,
122 3222 148 3259 et
155 3210 264 3273 fulgure,
274 3198 498 3253 etcoelestesminsc
508 3196 575 3243 ultra
583 3194 685 3242 solitum
694 3192 868 3241 turbaverant.
879 3190 937 3238 Otr.

17 3299 151 3339 serratum
164 3283 191 3332 id
204 3278 343 3345 antiquitus
352 3275 462 3325 comitiis
473 3266 627 3342 dirtmfludi‘
635 3301 642 3323 2
650 3280 702 3313 ¹1⁰ss
714 3261 808 3384 ῑθῖὸῑῑίῑ
822 3258 930 3332 Gallim
