2100 3709
326 30 512 94 urrunnun
529 29 595 68 crs.
614 32 636 67 1.
900 16 935 67 55

20 128 167 177 accusator,
186 116 279 184 uqudd
291 118 356 167 inter
367 118 476 166 cultores
486 114 613 180 Augusti,
629 112 674 176 qui
686 125 730 177 per
741 125 829 160 omnes
844 112 936 163 domos

21 191 42 235 in
61 191 171 241 modum
186 178 354 259 collegiorum
364 191 537 247 habebantur,
552 190 670 242 Cassium
681 184 816 250 quemdam
827 189 937 237 mimum

25 280 128 329 corpore
139 265 260 316 infamem
273 266 437 315 adscivisset:
453 264 572 329 quodque
588 260 703 311 venditis
715 259 812 315 bortis,
826 264 938 309 'statuam

26 340 131 402 Augusti
143 341 220 391 simul
233 344 400 406 mancipasset
409 356 435 391 u.
450 339 550 387 Rubrio
561 336 663 386 crimini
672 333 781 383 dabatur
792 334 936 383 «violatum

25 412 234 473 perjurionomen
240 415 374 479 Augusti».
382 413 443 476 Qun
453 414 495 461 ubi
504 408 731 465 Tiberionotudre,
741 407 843 471 scripsit
848 414 935 456 consu·

25 484 85 532 libus
96 503 102 533 :
115 488 195 537 sN'on
206 489 264 539 ideo
274 476 401 539 decretum
413 488 477 552 petri
488 502 534 557 suo
544 485 646 542 coelum,
655 484 680 531 in
689 483 831 549 perniciem
843 478 938 531 civium

26 558 43 605 is
51 557 132 609 bonor
140 574 291 612 verteretur.
299 563 412 613 Cassium
418 560 570 609 histrionem
576 560 681 607 solitum
687 554 939 618 interaliosejutdem

26 632 79 679 artis
90 635 213 685 interesse
221 636 296 695 ludis,
307 652 370 701 quos
381 646 464 689 mater
473 650 518 683 sua
528 635 554 681 in
561 633 709 681 memoriam
718 629 827 693 Augusti
840 644 940 676 sacras-

26 718 64 755 set.
74 707 99 755 N
100 722 226 761 eccontra
235 712 367 776 religiones
376 710 430 759 fieri
438 744 445 768 ,
454 706 524 775 qubd
536 708 630 773 effigies
636 707 699 770 eius,
706 717 736 754 ut
743 704 792 753 alia
801 704 938 751 numinum

14 778 149 841 ,hedera
157 782 349 833 venditionibus
358 782 492 837 hortorum
501 780 656 829 etdomuum
665 778 796 829 accedant.
804 776 939 841 Jusjuran-

27 850 79 923 ¹dum
91 855 395 922 perinde‘aestirnandum,
405 855 482 921 quim
492 856 515 906 si
522 856 614 906 Joveru
621 853 752 906 fefellisset
762 869 768 900 ε
778 848 887 902 deorum
896 853 938 901 in-

27 927 96 978 ]nrias
111 925 161 975 diis
175 945 271 980 cure.»
757 945 759 950 ·

48 1000 170 1051 LXXIV.
186 1005 239 1053 Nec
251 1006 333 1057 multd
352 1019 412 1074 post
428 1005 553 1057 Granium
565 1001 730 1068 Marcellum,
740 994 874 1068 praetorem
888 1000 937 1049 lli-

25 1068 130 1136 ¹¹¹l¹¹i³³s
148 1090 258 1141 quaestor
274 1081 352 1145 ipsius
369 1082 453 1147 Capio
471 1081 603 1146 Crispinus
619 1077 758 1142 majestatis
775 1074 937 1141 postularit,

27 1145 196 1200 subscribente
211 1146 331 1201 Romano
345 1152 479 1218 Hispone:
498 1155 543 1218 qui
560 1152 671 1204 formem
689 1149 747 1198 rite
764 1148 839 1209 iniit,
859 1162 938 1210 quant

27 1230 105 1280 postea
121 1222 250 1275 celebrem
267 1226 374 1275 miserie
391 1238 554 1292 temporum,
565 1240 593 1277 et
603 1226 714 1275 audaciae
725 1222 860 1272 hominnm
872 1221 938 1269 fece·

28 1304 78 1341 runt
90 1312 97 1341 ε
108 1312 173 1345 nam
185 1315 277 1365 egens,
287 1301 406 1365 ignotus,
417 1300 516 1364 inquies
525 1338 532 1357 ,
541 1300 604 1350 dum
613 1298 721 1347 occultis
732 1297 826 1345 libellis
836 1295 937 1346 saevitiae

27 1366 141 1435 principis
150 1371 254 1438 adrepit
264 1412 272 1432 ,
285 1390 348 1421 mox
358 1373 498 1419 clarissimo
508 1374 600 1433 cuiqrre
609 1370 753 1435 periculum
763 1369 874 1426 lacessit,
885 1385 938 1434 po-

28 1442 124 1491 tentium
133 1443 210 1509 apud
219 1459 311 1499 unum,
318 1441 408 1489 odium
418 1440 487 1505 apud
495 1454 584 1503 omnes
591 1440 707 1509 adeptus,
716 1441 785 1489 dedit
792 1442 939 1506 exemplum
961 1478 965 1481 -

28 1515 85 1574 qnod
98 1518 188 1565 secuti
197 1552 209 1575 ,
227 1531 259 1562 ex
271 1513 428 1579 pauperibus
444 1512 556 1574 divites,
574 1529 609 1562 ex
622 1514 774 1577 contemptis
790 1514 939 1574 metuendi,

29 1589 156 1649 perniciem
180 1588 255 1646 aliis,
277 1602 306 1635 ac
324 1582 485 1652 postremrim
506 1586 555 1635 sibi
571 1584 702 1633 invenere.
721 1584 771 1633 Sed
788 1582 941 1635 Marcellum

28 1659 199 1723 insimulabat,
213 1678 228 1711 <t
236 1660 353 1711 sinistros
361 1658 393 1706 de
402 1658 648 1709 Tiberiosermones
658 1657 797 1707 habuisset>
808 1675 815 1705 r
827 1658 940 1707 inevita-

28 1731 69 1781 bile
79 1736 193 1797 crimen,
205 1732 264 1785 ciam
272 1750 304 1783 ex
314 1732 429 1783 moribus
436 1731 937 1800 principisfcedissimaquequediligeret

29 1820 169 1869 accusans,
183 1809 371 1873 obiectaretque
387 1824 449 1857 reo:
465 1824 525 1857 nam
538 1808 597 1872 qnia
609 1821 666 1855 vcra
679 1807 852 1865 erant,etiam
867 1806 936 1855 dicta

13 1882 15 1899 ³
31 1879 202 1932 credebantur.
224 1880 334 1933 Addidit
355 1882 460 1948 Hispm,
470 1893 600 1943 «statuam
616 1880 730 1930 Marcelli
746 1878 838 1937 sititis,
858 1879 936 1945 quint

32 1951 147 2005 cesarum
167 1955 263 2005 sitam:
282 1963 308 2005 et
324 1955 374 2005 atis
391 1958 418 2005 in
436 1954 533 2012 statud'.
548 1965 679 2023 amputato
700 1953 781 2021 capite
807 1953 936 2019 Augusti,

31 2026 130 2089 effigiem
140 2028 238 2079 Tiberii
250 2028 357 2079 inditam
367 2046 383 2079 n
396 2047 402 2076 :
419 2028 452 2077 sd
462 2027 531 2093 quod
543 2028 639 2077 exarsit
648 2025 729 2087 aded,
741 2037 770 2076 ut
781 2024 856 2090 rupti
867 2025 936 2074 taci-

30 2102 143 2150 turnitate
150 2103 317 2166 proclamaret
323 2139 331 2166 ,
343 2117 390 2151 «se
399 2118 500 2167 quoque
509 2105 535 2151 in
544 2103 573 2151 ea
581 2100 655 2150 causis
662 2102 776 2151 laturum
784 2099 936 2148 sententiam

31 2174 108 2237 palam
118 2176 289 2238 etjuraturnr,
301 2174 352 2241 qud
360 2176 451 2225 ceteris
462 2174 551 2224 eadem
560 2175 695 2225 necessitas
703 2174 786 2222 lieret.
795 2171 937 2219 Manebant

33 2245 936 2317 etiamtumrestigiamorieutislibertatis.IgiturCn.Piso,Quo‚inquit‚

33 2324 108 2375 closo
120 2325 230 2375 censebis
246 2323 349 2375 Cesar?
364 2326 384 2375 si
395 2328 509 2391 primm,
521 2324 622 2373 habebo
633 2319 701 2387 quod
713 2336 804 2384 sequar
818 2336 825 2368 z
841 2320 863 2367 si
876 2329 939 2384 post

35 2415 125 2461 omnes,
137 2414 221 2449 vereor
231 2416 261 2449 ne
274 2398 423 2464 imprudens
435 2400 584 2448 dissentiam
592 2415 608 2445 »
621 2413 627 2442 τ
641 2405 774 2458 permotus
785 2393 824 2440 bis
831 2428 839 2453 ‚
852 2392 937 2454 q'uan·

32 2475 103 2539 t'nqne
112 2471 236 2523 incautiirs
246 2469 564 2535 effer-buei·ar,paentrenrts
572 2468 680 2532 patiens,
690 2465 750 2512 tulit
759 2464 937 2515 absolvissem

13 2574 14 2581 κ
34 2547 172 2597 criminibus
188 2546 326 2615 majestatis
339 2564 345 2595 r
359 2544 391 2595 de
406 2543 521 2612 pecuniis
541 2536 692 2609 repetundis
708 2534 939 2603 adsreciperatores

34 2624 93 2672 itum
102 2634 146 2671 est.

15 2702 19 2709 '
59 2695 332 2765 LXXV.Necpatrum
340 2694 527 2763 cognitionibus
536 2690 650 2747 satiatus,
661 2682 934 2751 judiciisadsidebatiu

36 2785 102 2819 cornu
121 2771 270 2837 tribunalis,
284 2788 316 2823 ne
331 2783 466 2838 pretorem
482 2768 565 2817 curuli
580 2762 737 2831 depelleret3
756 2763 887 2827 multaque
903 2776 936 2813 eo

13 2850 14 2869 i
37 2860 124 2905 coram,
137 2846 261 2897 adversus
274 2847 400 2897 ambitum
413 2854 440 2895 et
452 2843 597 2911 potentium
611 2854 701 2904 preces
716 2839 874 2889 constituta:
889 2834 936 2887 sed
983 2845 1004 2873 ι’

38 2918 87 2969 ‹lurn
98 2922 200 2972 veritati
214 2921 365 2981 consulitur,
376 2921 481 2972 libertas
492 2914 714 2987 corrumpebatur.
729 2910 799 2961 Inter
809 2928 865 2976 que
875 2912 938 2966 Pius
980 2969 983 2976 ,
1005 2917 1017 2929 ”

38 2994 138 3046 Aurelius
146 3010 257 3057 senator,
268 3010 372 3063 questus
382 2998 471 3047 emole
479 2995 588 3062 publice
599 2992 653 3050 rie,
664 2989 935 3054 ductuqueaquarum,
954 3011 958 3037 ι

37 3069 154 3121 labefactas
165 3071 233 3121 redes
244 3088 336 3127 suasa>
348 3070 470 3121 auxilinm
481 3081 584 3135 patrum
596 3066 745 3116 invocabat:
755 3063 935 3112 resistentibus

13 3162 15 3175 =
37 3147 101 3193 erarii
114 3146 283 3211 pistoribus,
299 3146 416 3195 subvenit
426 3145 512 3196 Cesar·
520 3178 528 3201 ,
541 3142 702 3208 pretiumque
718 3137 809 3187 aedium
826 3134 942 3183 Aurelio*
956 3155 960 3164 «

13 3228 15 3235 ’
38 3220 113 3269 tribuit
126 3240 131 3268 ε
145 3220 279 3287 erogandae
289 3238 334 3286 per
345 3219 451 3282 honesta
460 3217 572 3284 pecuniae
581 3216 686 3281 cupiens
701 3231 706 3260 :
722 3228 798 3276 quem
809 3210 930 3253 virtutem

33 3292 66 3345 diii
81 3296 195 3357 retinuit,
214 3311 296 3361 quum
309 3306 403 3346 ceteras
418 3303 530 3343 erueret.
544 3288 676 3357 Propertio
691 3286 783 3403 Gellqr}¹
798 3278 927 3345 pretorio,
