2100 3709
92 24 142 75 ιιι
364 90 368 96 1
410 36 435 73 a.
453 34 544 72 conr.
561 32 675 72 rtcrrt

92 134 180 167 omnes
195 115 308 178 eiusdem
322 111 450 180 tingunt·
469 116 557 181 populi
575 118 743 183 legationibus
758 130 864 181 coeunt,
884 120 1036 188 cassoque

90 190 190 259 publici
204 190 306 239 bomine
320 189 451 238 ceiebrant
463 189 566 239 barbari
576 190 641 241 riuis
657 192 780 243 horrenda
791 195 945 260 primordia.
960 198 1036 257 Est

91 275 118 313 et
128 263 176 310 alis
189 264 248 310 luco
257 264 410 311 reverentia.
422 263 543 317 Nemo'
517 266 568 313 rttsi
581 264 682 313 vinculo
694 266 788 330 ligatus
798 267 963 331 ingreditur,
980 283 1019 318 ut

91 338 187 397 minor,
201 348 226 384 et
239 348 392 402 potestatem
408 353 520 386 nummts
533 353 583 403 prae
601 356 626 387 se
641 338 739 388 serens:
754 356 775 387 ιι
767 338 850 388 forth
866 344 1019 408 prolapsus

91 422 145 467 est,
156 410 240 458 attolli
252 422 278 458 et
289 412 420 475 insurgere
436 409 505 459 haud
514 412 631 460 licitum:
645 428 690 478 per
702 412 809 477 humum
821 414 1017 465 evolvuntur:

91 490 170 548 eoque
181 484 265 532 omnis
277 483 424 549 superstitio
435 485 556 549 respicit,
570 496 688 550 tauquam
702 485 777 534 indit
772 488 842 535 initia
854 491 958 551 gentis,
969 492 1018 538 ibi

90 569 207 623 regnator
220 559 335 605 omnium
349 555 426 617 deus,
441 568 524 606 cetera
542 557 653 623 subjecta
670 568 745 623 atque
760 560 885 625 parentia.
902 560 1019 625 Adjicit

90 632 271 679 auctoritatem
292 630 394 679 fortuna
412 632 587 691 Semnonum
611 644 713 680 ceumm
733 634 805 699 pagis
827 632 984 683 habitantur
1007 651 1015 679 r

89 720 232 772 magpoque
242 721 347 771 corpore
357 706 472 765 efficitur,
483 719 513 755 ut
520 724 546 755 se
556 708 695 755 Suevorum
708 718 783 772 caput
794 707 910 757 credant.

122 799 182 849 XL.
195 800 291 850 Contra
299 799 480 867 Langobardos
492 802 606 871 paucitas
616 802 736 851 nobilitat
746 840 754 867 ‚
763 800 831 866 qudd
843 802 966 867 piurimis
977 818 1015 849 ac

89 874 268 923 ualentissimis
283 876 429 923 nationibus
444 878 536 936 cincti¹
551 892 600 924 non
612 892 659 941 per
672 876 838 938 obsequium
853 874 900 923 sed
911 876 1036 981 praeliisq

90 959 116 995 et
127 946 296 1011 periclitando
307 949 357 996 tuti
370 959 438 996 aunt.
451 948 576 1013 Reudigni
588 946 680 996 deinde
693 958 719 995 et
729 948 857 1011 Aviones,
868 960 896 995 et
910 940 1036 1013 Angli,

90 1030 117 1067 et
128 1018 232 1075 Varini
244 1030 270 1066 et
287 1017 420 1077 Eudoses,
439 1031 465 1067 et
475 1020 630 1079 Suardones,
646 1031 672 1068 et
682 1020 839 1078 Nuithones
850 1020 1036 1069 fluminibus

90 1079 135 1140 aut
153 1090 223 1137 silvis
241 1091 407 1141 muniuntur.
427 1092 633 1159 necquidquam
647 1092 784 1143 notabile
779 1111 804 1163 tn
818 1094 940 1157 siugulis,
955 1094 1013 1142 nisi
1035 1108 1036 1135 t

91 1164 180 1228 quod
175 1182 201 1213 ιιι
217 1162 351 1214 commune
364 1166 509 1226 Herthum,
524 1166 551 1215 id
569 1179 624 1228 eat,
642 1164 750 1215 Terram
768 1154 877 1213 matrem
894 1162 1036 1228 cotuntff

90 1253 196 1300 eamque
208 1237 363 1285 interuenire
373 1238 448 1287 rebus
460 1239 595 1287 hominum
602 1274 611 1301 ‚
623 1237 707 1288 'miehi
721 1237 821 1303 populis
833 1202 1036 1295 arbitrantur'i

89 1309 152 1359 Est'
147 1328 173 1358 ιιι
182 1308 262 1357 insula
271 1312 366 1360 Oceani
377 1319 474 1362 castum
487 1328 590 1371 nemus,
606 1310 781 1373 dicatumque'
774 1324 801 1358 ιιι
811 1324 841 1356 eo
851 1282 1036 1357 ventoutnmi

90 1394 160 1430 veste
173 1392 332 1430 contectum:
348 1383 472 1448 attingere
485 1386 531 1433 uni
547 1383 672 1449 saperduti
688 1379 890 1431 concessum.1s
911 1378 1006 1431 adesse

90 1454 214 1519 penetrali
226 1454 299 1503 deam
310 1455 444 1519 intelligit,
462 1460 611 1521 rectamque
625 1457 709 1507 bubus
729 1454 830 1503 sentinis
844 1453 927 1501 ιιιιιιιι
941 1468 1005 1503 curn

63 1585 69 1594 .
91 1527 253 1577 renotatione
264 1530 435 1593 prosequitur.
443 1527 506 1578 Laeti
517 1542 578 1578 tuno
591 1530 661 1593 dies,
673 1526 737 1579 festa
749 1529 819 1583 locs,
832 1542 1006 1591 quaecumque
1035 1572 1036 1577 ,

91 1600 203 1650 adiectu
217 1600 377 1667 hospitioque
395 1600 521 1664 dignatio.
527 1600 789 1660 Nonbeliaincunt,
800 1616 851 1649 non
869 1616 941 1649 arma
954 1617 1003 1649 ιιι-
1035 1654 1036 1657 ¹

92 1686 181 1734 munt,
198 1675 312 1724 clausum
323 1688 400 1725 omne
414 1671 530 1723 tenum:
544 1690 594 1739 pan
610 1674 718 1740 etquies
736 1672 906 1727 ιιιιοιιιιιιιιιι
921 1683 984 1723 nota
996 1710 1004 1736 ,
1035 1710 1036 1721 .

92 1760 155 1805 tunc
170 1744 271 1799 tantum
286 1752 382 1809 amata,
402 1744 483 1795 donec
501 1746 569 1796 idern
592 1746 710 1797 sacerdot
726 1747 841 1797 satiatam
860 1734 1005 1795 conversa·

92 1824 162 1872 atone
170 1807 507 1883 mortaltnmdeamtemplo
517 1818 624 1869 reddat
637 1817 853 1870 mcxrehtculum
862 1830 888 1867 et
897 1831 1000 1883 restes,
1035 1870 1036 1873 ,

91 1908 120 1946 et
139 1897 161 1945 si
176 1892 278 1944 eredere
295 1893 371 1964 velis,
383 1908 480 1943 numen
498 1894 581 1957 ipsum
596 1903 694 1943 secrato
711 1895 767 1945 lacu
786 1893 909 1944 abluitur.
927 1894 1004 1942 Servi
1035 1938 1036 1943 ,

94 1971 253 2026 ministrant,
271 1982 334 2030 quos
346 1966 433 2015 statim
446 1966 516 2017 idem
534 1958 603 2019 lacus
622 1967 716 2019 hartnit.
735 1960 850 2019 Arsanus
868 1966 929 2017 hinc
944 1978 1003 2017 ter-

92 2057 154 2161 roq,
147 2051 301 2105 ,sanctaque
315 2039 470 2105 ignoratis,
484 2038 577 2105 quid
559 2057 591 2093 ιιι
599 2040 683 2101 illud,
697 2040 774 2107 quod
778 2050 878 2093 tsnttmt
892 2041 1003 2107 perituri

95 2130 122 2163 ιι
140 2125 192 2162 eut.

94 2248 99 2255 .
126 2206 196 2257 XLI.
216 2207 250 2259 Et
267 2206 320 2256 hnc
337 2205 442 2270 quidem
460 2224 520 2273 pars
536 2208 677 2259 Servorum
695 2209 722 2257 in
737 2208 870 2257 secretiora
888 2208 998 2257 Germa-

94 2279 143 2327 nic
158 2280 303 2344 porrigitur.
320 2278 427 2345 Propior
440 2281 542 2347 (utquo
560 2280 638 2329 modo
654 2279 731 2346 paulh
747 2280 804 2329 anth
817 2281 948 2338 Rhenum,
963 2282 998 2329 sic

95 2368 164 2401 nunc
175 2354 322 2404 Danubium
339 2353 443 2421 sequn)
457 2354 695 2405 Hermundurorum
712 2354 814 2415 civitas,
834 2354 885 2403 fida
899 2355 997 2403 Roma-

96 2425 150 2485 nis,
166 2426 247 2493 obque
264 2425 332 2477 solis
344 2428 533 2479 Germanorum
548 2446 601 2479 non
620 2430 646 2477 in
663 2428 719 2495 ripi
739 2430 938 2491 commercium,
954 2427 997 2475 sed

98 2502 216 2570 penitus,
239 2514 315 2585 atquc
337 2502 364 2551 in
384 2486 588 2568 splendidissiniia
609 2506 695 2554 Reate
714 2505 851 2571 provinciae
872 2466 994 2553 coloitia.

96 2576 190 2642 passim
212 2587 239 2624 et
259 2578 311 2624 sine
329 2575 437 2627 custode
459 2586 608 2641 mmanunt3
629 2588 655 2623 et
675 2592 753 2641 quum
777 2578 865 2625 ceteris
883 2575 997 2641 gentibus
1035 2612 1036 2615 ,

96 2663 166 2697 arma
185 2648 263 2699 modd
281 2658 411 2713 casusque
426 2662 513 2699 nostra
531 2650 709 2707 ostendamus,
726 2649 768 2698 his
785 2650 874 2701 domos
884 2686 892 2709 ,
911 2650 996 2699 silias-

95 2737 146 2784 quc
163 2712 341 2787 patefecimus,
362 2737 415 2771 non
434 2718 682 2786 concupiscentibus.
701 2719 732 2770 In
753 2720 940 2773 Hermunduri
953 2720 996 2771 Al·

96 2792 136 2843 his
147 2796 235 2855 oritur,
244 2796 339 2845 flumen
348 2794 465 2844 inclitum
474 2805 500 2843 et
510 2806 601 2845 notum
610 2794 688 2862 olim.
699 2810 768 2843 nunc
775 2794 876 2846 tantum
886 2785 994 2844 auditur.
1035 2818 1036 2821 ¹

135 2886 218 2937 XLII.
237 2889 313 2938 Juxta
333 2886 524 2937 Hermunduros
544 2886 659 2944 Narisci,
678 2904 706 2936 ac
729 2886 821 2935 deinde
843 2889 994 2939 Marcomani

97 2972 124 3010 et
138 2961 223 3047 Quadi
238 2972 324 3025 egunt.
341 2962 468 3025 Praecipua
479 2962 700 3009 Marcomanorum
715 2962 832 3043 gloria
809 2978 937 3025 suesque,
953 2974 993 3011 at-

98 3048 148 3097 que
161 3038 224 3101 ipsa
217 3036 306 3083 ettam
315 3032 388 3081 sedes
396 3034 495 3098 pulsis
505 3035 565 3085 oltrn
577 3036 662 3093 Boiis,
675 3037 768 3085 virtute
777 3047 850 3102 pasta
854 3034 928 3085 erc
940 3034 992 3083 Νι·
1035 3064 1036 3069 =

98 3109 157 3155 risci
179 3108 293 3171 Quadive
317 3105 480 3171 degenerant.
499 3109 585 3175 anue
606 3110 746 3161 Germania
766 3109 835 3157 velut
854 3104 922 3156 [ιοιιι
941 3120 993 3162 est

99 3178 222 3245 querentis
237 3180 359 3230 Danubio
376 3182 502 3250 pergitur.
516 3182 701 3251 Marcomanis,
718 3182 862 3250 Quadisque
875 3198 952 3250 usque
963 3180 993 3234 ad
