2100 3709
293 34 542 97 ,assronmansr
564 7 711 70 ern-11(
812 56 814 63 t
895 19 945 75 345

53 119 120 173 111.
133 116 322 169 «Conditorem
333 117 422 182 templi
431 132 515 181 regern
526 114 641 164 Aeriana
653 124 727 163 retus
738 113 872 177 memoris,
883 115 942 178 qni.

5 193 88 246 dam
108 187 273 260 aipsius‘deae
287 204 379 239 nomeu
393 188 440 237 id»
455 184 600 253 perbibent.
617 188 693 234 Fama
709 186 835 234 recentior
852 188 942 247 tradit,

8 289 29 321 (t
41 270 62 319 a
80 264 183 333 Cinyri
194 275 318 313 sacratum
328 262 466 330 templum,
477 260 601 322 deamque
613 259 691 322 ipsam
702 271 848 323 conceptam
860 244 940 321 mitri,

5 343 78 393 huc
97 340 243 407 appulsam.
256 335 448 403 Sedecientiam
459 345 589 397 artemque
605 330 766 398 haruspicum
783 334 904 394 accitam,
918 348 945 385 et

6 416 140 465 Cilicem
146 409 293 461 Themiram
303 408 430 458 intulisse.
440 405 568 471 Atque'ita
578 416 693 469 pactum,
704 416 733 452 ut
740 403 840 458 familia
849 408 941 458 utrius.

9 506 76 555 que
90 486 195 554 posteri
204 482 355 533 caerimoniis
368 480 532 547 praesiderent
540 495 566 527 u.
580 478 656 535 Mox,
668 494 701 527 nc
713 477 808 529 honore
819 476 890 528 nullo
899 498 942 529 re-

9 567 105 628 gium
117 576 196 625 genus
207 557 367 622 peregrinam
376 555 482 619 stirpem
491 552 665 614 antecelleret,
679 552 733 618 ipsa
740 556 831 617 ,quam
847 552 943 602 insule.

10 648 104 691 rant,
118 631 223 683 scientia
236 628 347 700 hospites
363 627 477 676 cessere:
490 623 590 675 tantism
607 624 744 692 Cinyrades
756 616 871 675 sacerdos
881 640 944 675 con.

14 710 142 760 sulitur.
153 702 263 761 Hostia,
275 701 421 767 utquisque
432 702 519 760 ravit,
532 696 576 747 sed
586 714 667 749 mares
677 698 831 763 deliguntur.
845 702 944 750 Certis·

19 785 103 833 sima
115 780 179 829 fides
193 776 323 825 herlerum
336 776 416 822 fibris.
430 773 585 839 Sanguinem
602 789 649 821 arte
664 772 803 821 oblundere
817 774 924 823 vetitum
936 796 943 837 5

13 858 155 927 precibus
164 867 188 902 et
197 855 254 919 igne
262 868 326 919 puro
335 850 420 900 altaria
428 850 576 909 adolentur,
589 864 636 897 nec
645 848 703 897 ullis
712 847 849 909 imbribus,
860 858 944 912 quan-

16 949 113 999 quam
122 932 149 979 in
158 938 260 994 aperto,
270 925 427 974 madescunt.
437 924 606 973 Simulacrum
615 920 666 971 deae
675 938 726 971 uon
735 922 813 987 effigie
823 920 945 979 humani:

18 1008 173 1057 continuus
185 1001 254 1049 orbis
266 1001 356 1047 latiore
369 998 443 1045 initio
457 1008 559 1047 tenuem
572 996 599 1045 in
614 997 752 1060 ambitum,
769 1006 841 1044 mette
851 994 944 1055 modo,

17 1094 173 1143 exsurgens
186 1094 192 1125 z
204 1084 231 1123 et
242 1074 307 1122 ratio
322 1072 347 1119 in
358 1070 478 1123 obscuro.

60 1142 117 1204 l'v.
126 1153 214 1211 litus,
224 1146 335 1213 spectatis
345 1144 474 1210 opulentia
484 1143 608 1207 donisque
618 1160 719 1209 regum,
730 1161 837 1209 quaqua
845 1146 892 1193 alia
901 1144 948 1193 ta.

21 1241 92 1280 turn
109 1223 301 1291 antiquitatibus
314 1220 462 1267 Graecorum
473 1234 557 1283 ,genus
574 1218 672 1265 incertae
690 1221 808 1268 vetustati
825 1220 946 1283 adfingit,

23 1307 42 1353 o
56 1302 95 1350 de
107 1298 289 1363 navigatione»
306 1291 416 1359 primiam
430 1290 551 1340 consulit.
565 1289 703 1353 Postquam
714 1291 815 1363 «papali
827 1294 907 1356 riam,
921 1305 947 1342 et

23 1391 108 1425 mare
118 1386 269 1440 prosperum
278 1385 293 1414 u
310 1368 422 1431 accepit,
435 1365 467 1412 ‹le
481 1378 507 1411 se
519 1378 564 1427 per
576 1362 694 1425 ambages
711 1364 861 1427 interrogat,
878 1364 947 1412 cesis

24 1446 216 1515 compluribus
226 1442 326 1490 hostiis.
333 1440 460 1498 Sostratus
470 1434 616 1502 (sacerdotis
625 1432 653 1483 id
664 1448 757 1482 nomen
767 1435 827 1501 erat)
835 1426 882 1483 'ubi
891 1437 949 1486 laeta
1007 1446 1008 1450 ’

25 1536 58 1574 et
79 1518 248 1585 congruentia
260 1528 331 1575 exta,
348 1514 493 1579 magnisque
508 1510 629 1559 consultis
645 1525 757 1559 annuere
774 1508 846 1558 deam
862 1509 950 1576 ridet,

26 1614 120 1665 pauca
131 1597 157 1642 in
168 1608 278 1659 praesens
286 1602 314 1639 et
322 1588 396 1638 solita
407 1584 574 1653 respondens,
584 1585 663 1649 petito
675 1596 783 1647 secreto,
793 1583 876 1635 lutura
885 1602 949 1653 ape.

26 1673 85 1721 rit.
96 1668 174 1717 Titus
185 1705 192 1726 ‚
203 1674 278 1714 aucto
290 1662 376 1711 animo
385 1697 392 1717 ‚
400 1661 432 1709 ad
442 1671 539 1726 patrem
548 1668 694 1724 pervectus,
707 1660 833 1723 suspensis
842 1660 950 1725 provin.

28 1746 139 1795 ciarum
150 1753 176 1789 et
190 1740 346 1790 exercituum
362 1734 505 1795 mentibus,
524 1735 612 1799 ingens
629 1747 715 1779 rerum
727 1731 819 1780 fiducia
836 1734 952 1783 accessit.

28 1816 220 1879 Profligaverat
232 1812 327 1859 bellum
338 1808 472 1857 Iudaicum
484 1806 669 1871 Vespasianus,
683 1806 873 1870 oppugnatione
887 1806 952 1856 Hie·

30 1889 230 1953 rosolymorum
241 1882 355 1948 reliqui,
368 1882 432 1931 duro
445 1880 526 1945 magis
538 1890 563 1927 et
575 1878 655 1929 ardno
669 1892 761 1943 opere,
771 1879 807 1928 'ob
820 1879 950 1944 ingenium

34 1962 149 2019 montis,
159 1971 184 2009 et
194 1958 358 2024 pervicaciam
371 1954 572 2017 superstitionis,
584 1951 658 2015 qnhm
668 1950 718 2014 qub
730 1953 788 2001 satis
797 1953 891 2001 virium
902 1954 953 2002 ob-

35 2039 117 2087 sessis
131 2036 164 2084 ad
175 2032 319 2083 tolerandas
331 2030 655 2087 necessitatessuperesset.
669 2024 746 2086 Tres,
764 2038 793 2073 nt
805 2026 881 2089 sopri
894 2043 954 2075 me.

35 2110 200 2163 mor-avimus
209 2143 214 2163 ,
229 2106 276 2170 ipsi
285 2101 440 2164 Vespasiano
449 2098 563 2162 legiones
572 2108 643 2144 erant
653 2132 659 2150 ,
669 2098 784 2143 exercita
792 2098 861 2145 bello
873 2115 879 2144 ι
888 2113 952 2161 qus.

39 2198 104 2235 tuor
114 2183 247 2231 Mucianus
256 2174 387 2225 obtinebat
397 2176 492 2238 inpane
504 2188 510 2218 ε
520 2168 565 2218 sed
575 2168 715 2225 annulatio,
726 2168 869 2233 etprosimi
879 2184 954 2219 erer-

37 2255 109 2307 citsls
119 2246 198 2319 gloria
210 2251 337 2316 repulerat
349 2246 489 2311 segnitiam:
499 2253 671 2307 quantumque
682 2240 734 2289 illis
744 2240 844 2289 roboris
859 2240 952 2291 ‹liseri-

39 2330 114 2381 miua
123 2326 237 2381 calaber,
250 2335 351 2371 tautum
361 2319 400 2368 his
409 2319 504 2383 rigoris
511 2315 645 2365 addiderat
654 2314 749 2378 integra
759 2314 838 2376 quies,
847 2324 873 2361 et
881 2316 955 2363 inex-

34 2415 131 2473 pertus
143 2400 205 2450 belli
212 2398 299 2448 labor:
309 2393 402 2443 auxilia
413 2392 515 2454 narique
525 2389 670 2439 cohortium
680 2387 839 2449 alarumque,
852 2397 877 2434 et
885 2387 954 2435 clas·

40 2494 85 2531 ses
96 2484 230 2538 regesque,
242 2484 271 2517 ac
284 2481 375 2515 nomen
388 2463 483 2529 dispari
494 2461 560 2511 lanii
574 2459 681 2509 celebre.

76 2550 112 2600 V.
122 2542 292 2611 Vespasianus
305 2536 484 2596 acer-militiae,
495 2534 592 2583 anteire
601 2547 690 2597 sgmen
700 2567 706 2588 ,
717 2529 804 2578 lacum
812 2526 900 2576 castris
910 2543 955 2577 ca.

43 2640 124 2693 pere,
136 2630 213 2669 noctu
225 2616 319 2679 diuque
331 2612 454 2675 consilio,
471 2626 500 2657 ac
513 2610 536 2657 si
550 2623 589 2657 res
604 2616 732 2673 posceret,
749 2604 826 2652 menn
839 2601 955 2651 hostibus

47 2698 132 2750 obniti
141 2730 148 2753 ,
158 2693 216 2742 cibo
231 2689 358 2749 fortuito,
369 2697 437 2733 reste
449 2683 588 2746 habituque
603 2681 644 2729 vix
655 2678 669 2727 t
681 2677 795 2745 gregario
808 2676 889 2725 utilite
901 2672 956 2727 ditss

48 2784 154 2836 crepans
165 2786 171 2813 :
184 2762 304 2831 prorsus,
316 2762 337 2809 si
348 2758 454 2808 avaritia
467 2758 578 2817 abesset,
589 2754 698 2818 antiquis
709 2752 817 2801 ducibus
826 2766 880 2817 par.
891 2742 956 2809 Mil·

48 2848 150 2897 sianum
163 2840 177 2889 le
192 2836 321 2888 contrario
336 2832 537 2900 magnificentia,
554 2842 580 2879 et
596 2844 673 2893 opes,
686 2839 711 2875 et
725 2838 815 2876 cunctn
828 2820 955 2892 privatum

50 2916 157 2971 modum
169 2925 328 2979 supergressa
338 2907 494 2957 extollebant
506 2922 512 2953 ε
522 2902 605 2969 aptior
615 2916 744 2962 sermone,
757 2894 882 2967 dispositu
891 2914 955 2963 pro·

51 2995 157 3053 risuque
164 2994 176 3048 ,'
184 2986 298 3035 civilium
307 2998 392 3031 rerum
401 2980 498 3047 peritus
508 2995 514 3027 ε
525 2974 653 3043 egregium
662 2971 816 3039 principatus
829 2982 956 3033 tempera-

53 3075 183 3121 mentum,
201 3060 223 3108 si
237 3058 348 3124 demptis
357 3056 488 3118 utriusque
500 3052 583 3111 vitiis,
596 3048 653 3097 solu
663 3048 769 3095 virtutes
778 3044 954 3093 miscerentur·

55 3135 174 3191 Ceteritm
185 3133 228 3183 hio
238 3132 332 3197 Syrie,
344 3130 388 3179 ille
397 3128 487 3177 ludere
495 3122 656 3190 prepositus,
670 3119 760 3177 ricinis
770 3115 957 3183 prouinciamm

52 3200 426 3268 sdmiubtrationibus,inridil
435 3196 576 3254 discordes,
586 3192 653 3241 esim
664 3190 767 3241 demum
774 3188 891 3247 Neronis,
901 3203 952 3253 po-

57 3280 196 3344 uusodiis,
208 3264 635 3337 aasumeomnnszpuntn
643 3265 805 3389 peramipoqs
818 3260 952 3327 deinpre·
