2100 3709
65 77 68 90 '
116 70 167 126 264
426 69 452 110 e.
469 73 565 110 conr.
590 71 711 112 rncsrr

67 151 68 155 Ἰ
117 168 246 220 Antenore
258 152 396 220 institutis,
410 151 499 204 habitu
516 155 610 220 tragico
620 156 747 206 cecinerat
763 171 769 205 r
783 155 826 206 die
841 171 963 223 qnoque,
974 159 1031 224 qut

116 255 208 312 praetor
221 232 359 288 Antistius,
370 229 403 276 ob
415 229 507 295 probra
518 229 542 277 iu
558 228 687 278 Neronem
697 232 850 296 composita,
864 231 896 279 ad
909 246 1029 282 mortem

116 311 296 368 damnabatur,
311 304 408 351 mitiora
418 304 515 350 censuit
525 300 686 364 obtinuitque
698 319 704 349 :
718 314 744 351 et
754 319 833 367 quum
842 303 920 352 deilm
933 305 1025 353 bono-

35 424 38 431 ·
116 407 157 441 res
172 389 281 454 Poppaea
295 377 489 424 decernerentur
500 410 506 431 ,
522 374 613 441 sponte
623 375 712 424 absens
722 413 730 435 ,
740 363 822 425 luneri
831 394 882 430 non
893 379 1025 431 interfuit.

116 468 178 529 Quae
191 453 329 506 oblitterari
341 467 392 497 uon
404 449 502 496 sinebat
514 451 602 514 Capito
615 449 793 509 Cossutianus,
804 462 892 516 preter
902 455 1028 502 animum

113 539 146 590 ad
155 536 247 599 flagitia
257 527 407 594 praecipitem
417 555 424 577 ,
435 524 552 572 inimicus
563 523 695 582 Thraseae,
707 525 776 590 quod
793 528 947 576 auctoritate
968 527 1027 590 eins

115 607 268 664 concidisset
280 638 285 657 ,
299 597 406 663 iuvantia
416 597 524 647 Cilicum
536 598 651 664 legatos,
661 597 723 648 dum
733 600 883 666 Capitonem
894 613 1027 668 reperim.

113 686 203 735 darum
216 682 393 738 interrogant..

146 754 232 808 XXll.
245 750 314 814 Quin
323 757 349 792 et
357 745 400 793 illa
408 743 564 810 objectabat:
574 744 719 812 «principio
726 747 785 794 anni
794 747 873 796 vitare
881 745 1028 798 Thraseam

116 833 229 886 solemne
247 817 439 884 iusiurandum,
456 818 687 884 nuncupationibus
708 831 827 868 votorum
845 837 897 868 non
918 821 1029 880 adesse,

115 902 228 974 quamvis
237 891 453 962 quindecimvirali
462 891 604 942 sacerdotio
614 891 762 956 praeditum:
780 909 909 957 nunquam
919 911 969 959 pro
980 910 1027 942 sa-

114 983 168 1031 lute
185 969 320 1042 principis,
332 977 374 1014 aut
390 963 485 1012 coelesti
497 978 559 1010 voce
571 964 758 1013 immolavisse:
774 965 906 1037 assiduum
921 967 988 1015 olim
1002 980 1029 1017 er

107 1043 286 1103 ,inueteraum'‚
298 1039 340 1105 qui
355 1037 497 1101 vulgaribus
511 1050 611 1099 quoque
625 1048 726 1101 patrum
744 1041 866 1087 consultis
876 1041 1029 1088 gemma,

114 1138 211 1179 torem,
226 1129 270 1167 aut
282 1112 452 1162 adversarium
467 1109 625 1165 ostenderet,
640 1111 749 1160 triennio
760 1129 813 1160 non
831 1113 963 1162 introiisse
979 1133 1026 1162 cu-

107 1200 181 1249 riam
192 1213 196 1244 τ
210 1182 413 1258 nuperrimeque,
425 1199 516 1248 quum,
526 1181 560 1230 ad
568 1184 721 1232 coercendos
730 1184 841 1236 Silanum
851 1199 878 1236 et
889 1189 1026 1252 Veterem,
1040 1216 1041 1221 ,

118 1267 234 1322 certatim
247 1270 453 1316 concurreretur,
468 1256 571 1322 privatis
581 1255 668 1321 potiris
677 1255 808 1308 clientium
821 1256 932 1324 negotiis
946 1280 1025 1311 vaca-
1040 1276 1042 1295 t

118 1329 184 1396 risse
196 1361 203 1391 r
216 1338 381 1390 secessionem
391 1332 440 1395 iant
450 1329 492 1388 id,
504 1341 529 1378 et
539 1340 638 1394 partes,
648 1342 674 1380 et
685 1333 707 1379 si
723 1332 790 1382 idem
806 1336 881 1383 multi
894 1336 1026 1396 audeant,

117 1421 214 1470 beilum
226 1430 288 1463 esse.
302 1409 337 1456 Ut
348 1403 476 1471 quondam
491 1403 522 1450 Ο.
538 1405 660 1454 Caesarem
670 1423 684 1454 a
696 1441 702 1464 ,
714 1407 809 1471 inquit,
825 1421 875 1456 oet
886 1409 926 1458 M.
941 1414 1026 1461 Cato·
1040 1452 1042 1478 r

117 1511 176 1544 nem
186 1514 192 1554 3
203 1491 238 1538 ita
249 1501 316 1537 nunc
328 1495 368 1543 te,
379 1482 447 1530 Nero
456 1514 462 1536 ,
472 1487 498 1525 et
507 1475 645 1527 Thraseam
654 1477 727 1528 arida
739 1479 922 1531 discordiarum
934 1485 1026 1534 civitas
1040 1490 1042 1525 ἐ

117 1568 240 1632 loquitur.
255 1563 285 1608 Et
298 1557 373 1606 habet
386 1559 536 1610 sectatores,
549 1554 588 1601 vel
603 1551 690 1618 potitis
702 1556 839 1615 satellites,
852 1558 1026 1620 quinondum

118 1637 301 1691 contumaciam
314 1628 492 1678 sententiarum
502 1660 508 1676 .
519 1624 564 1670 rled
576 1625 690 1675 habiturn
701 1629 849 1694 vultumque
857 1631 911 1695 ejus
921 1646 1026 1682 sectan-
1040 1644 1042 1695 t

117 1727 160 1765 tur
169 1751 174 1769 .
184 1709 260 1776 rigidi
271 1718 296 1754 et
305 1705 389 1752 tristes
396 1736 403 1762 ‚
415 1696 466 1762 qud
478 1695 524 1745 tibi
535 1697 664 1748 lasciviam
674 1704 835 1766 exprobrent.
848 1705 914 1753 lluie
929 1710 978 1755 uni
989 1709 1026 1755 in·

118 1788 250 1837 columitas
258 1791 300 1827 tua
309 1776 362 1823 sine
373 1781 440 1827 arte,
449 1769 503 1818 siue
514 1769 620 1820 bonore.
630 1773 767 1839 Prosperes
775 1779 897 1842 principis
907 1795 950 1828 res
959 1788 1026 1848 sper.

117 1862 157 1910 uit
169 1877 175 1906 ι
187 1858 295 1904 etiamne
305 1844 416 1896 luctibus
428 1854 453 1890 et
462 1841 592 1891 doloribus
603 1861 655 1892 non
667 1847 791 1898 satiatur?
809 1851 932 1911 Ejusdem
945 1855 1025 1902 ,nimi

118 1947 172 1996 est,
182 1931 314 1993 Poppaearn
328 1919 414 1967 divam
426 1933 477 1964 non
489 1915 592 1964 credere
601 1926 614 1974 ,s
621 1919 692 1983 cujus
706 1921 731 1968 in
742 1935 798 1971 acta
809 1923 863 1973 disi
878 1927 993 1993 Augussi
1002 1941 1027 1980 e,

118 2005 170 2054 diri
180 2002 240 2052 lulii
251 2011 302 2045 non
311 1994 400 2056 iurare.
409 1990 510 2056 Spernit
519 1991 665 2056 religiones,
672 1997 777 2062 abrogat
785 1998 862 2062 leges.
869 2001 969 2050 Diu‘rna
978 2021 1027 2070 po.

117 2079 172 2148 puli
180 2071 287 2123 Romani
297 2109 302 2126 ‚
311 2083 354 2134 per
363 2064 518 2132 provincias,
528 2081 573 2130 per
583 2069 720 2128 exercitus,
730 2071 842 2133 curatiirs
849 2073 989 2136 leguntur,
1000 2090 1027 2128 ut

118 2161 234 2209 noscatur
247 2141 309 2210 quid
321 2139 431 2190 Thrasea
442 2154 494 2186 non
511 2136 610 2188 lecerit.
631 2145 684 2189 Aut
696 2149 851 2205 transeamus
865 2146 897 2195 ad
914 2149 960 2198 illa
975 2154 1026 2202 ins.

116 2227 207 2285 tituta,
222 2219 243 2268 si
257 2217 354 2285 potiora
373 2223 432 2262 sunt
448 2231 453 2260 :
469 2222 512 2261 aut
532 2229 598 2262 nora
615 2217 775 2279 cupientibus
789 2217 916 2271 auferatur
930 2223 986 2273 dux
999 2237 1025 2275 et

116 2309 212 2348 auctor.
224 2293 274 2341 lata
283 2287 522 2343 sectaTuberoues‚
535 2287 697 2336 etFaronios
708 2325 714 2346 ,
725 2290 804 2339 reteri
817 2309 916 2357 quoque
928 2299 1024 2364 stipa,

115 2373 186 2421 blicae
206 2371 301 2434 ingrata
319 2364 419 2412 nomina
432 2359 442 2419 ,¹
455 2361 551 2426 genuit.
570 2361 605 2410 Ut
618 2363 752 2432 imperium
764 2379 899 2429 evertant,
913 2371 1025 2423 liberta-

117 2457 169 2495 tem
183 2439 334 2510 preferant:
351 2439 371 2486 si
386 2435 565 2502 perverterint,
578 2436 723 2492 libertatem
737 2432 820 2504 ipsam'
833 2442 1023 2507 aggredientur,
1040 2458 1041 2461 ¹

115 2519 219 2570 Frustra
233 2516 345 2578 Cassium
357 2513 474 2560 amovisti
485 2547 491 2568 ‚
501 2512 522 2560 ai
532 2512 635 2576 gliscere
644 2526 668 2561 et
678 2515 761 2579 vigere
771 2517 907 2569 Brutorum
916 2523 1022 2572 ramulos

115 2607 233 2659 passurus
245 2605 281 2636 es.
294 2587 405 2650 Denique
413 2585 477 2630 nihil
486 2585 540 2651 ipse
547 2581 579 2630 de
588 2584 698 2634 Thrased
709 2588 837 2653 scripseris
846 2624 853 2646 ,
862 2589 1021 2658 disceptato.

115 2683 171 2716 rem
179 2677 293 2712 senatum
304 2660 377 2708 nobis
387 2659 500 2719 relinque
512 2674 537 2704 n.
552 2657 655 2707 Extollit
667 2658 704 2707 iri
712 2674 859 2727 promptum
873 2665 1021 2720 Cossutiani

86 2793 90 2797 ,
113 2740 227 2788 animum
238 2734 307 2782 Nero
319 2749 325 2779 z
340 2728 476 2792 adjicitque
490 2727 639 2777 Marcellum
650 2730 769 2797 Eprium,
779 2738 830 2783 acri
838 2738 994 2802 eloquentis,

148 2807 249 2858 xxrtt.
259 2804 406 2854 assaretur
416 2803 539 2849 Soranum
552 2799 604 2867 jam
619 2804 668 2852 sibi
680 2807 798 2856 Ostorius
809 2809 930 2874 Sabinus,
943 2832 1021 2879 eque,

115 2885 246 2933 Romanus
257 2884 421 2946 ‚poposcerat
432 2889 503 2924 reum
515 2909 522 2930 ,
542 2890 573 2921 ex
583 2870 765 2940 pmcomln'u
780 2878 860 2939 Aah,
876 2884 902 2938 in
914 2887 963 2948 qua
971 2881 1020 2936 -of-

115 2953 241 3004 i'cnsiones
252 2949 370 3014 principis
386 2947 468 3013 sunit,
480 2945 575 3011 jttslitid
585 2959 660 3014 atque
672 2951 795 3004 industria
806 2970 812 3002 τ
822 2965 849 3003 et
860 2960 918 3020 quia
933 2963 1019 3024 pomp

113 3026 281 3094 Ephesiorum
291 3020 424 3088 aperiendo
435 3037 521 3069 curam
532 3022 715 3088 insumpserat:
726 3029 827 3093 simque
837 3023 948 3085 ciritstis
956 3035 1018 3084 Per.

115 3115 224 3166 gameae
237 3095 408 3164 ,prohibentis
417 3094 552 3155 Acratum,
568 3097 671 3148 Caesaris
678 3090 799 3153 libertum
808 3141 815 3161 ,
825 3115 921 3153 statuas
930 3118 956 3154 et
968 3110 1016 3173 pic.

114 3179 184 3222 iuras
195 3172 315 3227 avehere,
328 3170 434 3218 inultam
444 3171 572 3220 omiserat.
588 3173 637 3223 Sed
652 3177 752 3224 crimini
764 3175 867 3225 dabatur
881 3181 1016 3233 ramicisia

98 3243 101 3250 .
114 3246 197 3300 pinsiti
208 3283 214 3304 ‚
229 3257 254 3295 et
265 3245 369 3294 ambitio
381 3243 542 3304 conciliandae
556 3247 691 3309 provincia
700 3248 730 3296 ad
741 3265 797 3314 spes
808 3267 887 3300 noras
897 3270 922 3301 n.
936 3253 1015 3304 Tem-

113 3335 161 3400 pus
170 3319 326 3375 damnationi
334 3318 460 3372 delectum
465 3355 473 3382 ,
481 3335 533 3390 quo
540 3317 679 3399 Tiridates,
689 3323 835 3398 accipiendo
842 3323 969 3379 Armenjae
976 3345 1016 3386 η,
