2100 3709
113 92 149 166 98
425 97 450 134 c.
472 94 569 131 cotan.
591 93 707 133 racrrr

114 187 246 255 quiequam
264 180 372 248 scriptor
385 189 436 228 tam
450 175 564 226 infensus
578 181 692 238 exstitit,
705 163 846 230 utTiberio
863 178 1020 246 objectaret,

115 279 196 326 quum
212 259 298 310 omnia
314 258 362 306 alia
375 254 567 318 conquirerent,
583 254 802 319 intenderentque.
822 254 891 305 mihi
910 258 1033 324 tradendi,

115 335 288 402 arguendique
301 331 412 381 rumoris
426 344 501 376 cauea
513 326 578 386 luit,
592 339 634 388 ut,
652 329 721 378 claro
738 331 786 379 rub
801 334 942 398 exemplo,
956 325 1033 384 solsol

21 415 25 422 '
115 410 259 464 auditionee
282 404 450 472 depellerem,
471 413 637 468 peteremque
653 403 685 450 ab
704 404 749 460 iia,
767 421 876 470 qnorum
892 409 923 456 in
940 425 1022 460 manne

114 502 175 536 cura
184 496 269 534 nostra
278 480 384 536 venerit,
392 495 425 527 ne
434 476 562 542 divulgata
572 488 647 542 atque
656 477 824 539 incredibilia,
831 479 907 531 aridi
913 496 1021 551 accepta,

114 559 198 620 verit,
211 573 293 622 neque
303 555 330 603 in
341 553 493 602 miraculum
505 553 647 618 corruptis,
661 549 839 605 antehabeaut.

145 633 207 684 ΧΠ.
224 627 346 681 Ceterdm
355 625 475 675 laudante
483 625 564 674 lilium
574 641 621 691 pro
632 626 723 674 rostris
731 628 834 678 Tiberio
844 665 851 688 ,
863 641 971 680 aenaim
981 647 1023 696 po-
1033 613 1034 692 i

112 708 238 778 pulueque
252 702 368 754 habiturn
383 716 412 748 ac
426 678 501 748 voce'e
515 697 662 762 dolentum,
680 701 842 752 simulatione
856 705 943 770 magia
953 703 1022 770 quim

110 781 195 832 libem
205 778 342 836 induebat,
353 775 509 838 domumque
517 773 664 822 Germanici
673 778 837 840 revireacere,
850 781 951 829 occulti
960 782 1023 829 lata·

113 855 217 905 bantur.
239 850 316 915 Quod
334 849 487 919 principium
506 848 612 906 sarorir,
633 859 659 897 et
678 859 758 902 mater
778 852 937 920 Agrippina,
956 869 1022 920 apem

112 929 180 978 male
196 940 298 994 tegent,
315 924 454 993 perniciem
469 921 654 975 adceleravere.
669 925 736 976 Nam
753 927 875 992 Sejanus,
892 929 940 978 nbi
958 920 1035 976 viderl

110 1013 219 1051 mortem
231 1000 303 1049 Drusi
312 999 418 1048 inultam
427 995 648 1058 interlectoribus,
659 1002 714 1051 eine
724 1017 833 1052 moerore
840 1003 948 1069 publico
959 1017 1021 1062 erae,

111 1074 185 1126 ieron
192 1075 327 1135 coelerum,
338 1083 365 1122 et
373 1074 433 1137 quia
443 1073 526 1136 prima
533 1087 713 1139 provenerant,
723 1077 837 1126 volutare
846 1093 936 1126 aecum
945 1115 952 1136 ,
962 1091 1021 1141 quo-

108 1148 171 1200 nam
190 1151 267 1199 modo
281 1147 426 1197 Germanici
443 1145 540 1195 liberor
557 1161 730 1216 perverteret,
750 1167 858 1216 quorum
876 1169 933 1201 non
949 1149 1022 1198 dubit

111 1222 237 1274 'aucceesio
248 1241 255 1272 z
268 1238 349 1290 neque
360 1222 444 1288 spargi
455 1237 582 1272 venenum
595 1226 621 1274 in
634 1237 684 1274 trec
696 1236 810 1292 poterat,
821 1225 923 1292 egregii
936 1235 1021 1274 cueto-
1035 1231 1036 1284 l

111 1291 174 1348 durii
187 1297 251 1359 lide,
262 1311 289 1348 et
299 1294 423 1364 pudicitii
432 1296 576 1365 Agrippina
587 1299 784 1365 impenetrabili.
796 1301 876 1366 Igitur
886 1311 1021 1351 contuma-

111 1374 240 1438 ciame‘rue
249 1373 381 1433 insectari,
394 1383 467 1428 retur
478 1375 598 1443 Anguatae
607 1373 708 1435 odium,
722 1389 847 1426 recentem
861 1375 945 1426 Liviae
962 1387 1021 1422 con·

110 1448 243 1499 erientiam
256 1449 397 1516 exagitare,
412 1459 442 1498 ut
453 1451 630 1515 «superbiam,
644 1448 798 1500 fecunditate
809 1451 961 1508 subnixam,
975 1462 1021 1512 po·

61 1513 65 1522 *
110 1523 245 1590 pulcrilrua
254 1524 344 1576 etudiie
356 1517 452 1572 inhiare
461 1524 629 1572 dominationi
636 1541 661 1579 n,
671 1524 738 1588 apud
747 1525 866 1574 ceratem
877 1515 1021 1590 arguerent·
1036 1541 1037 1546 ¹

50 1627 55 1639 ι
111 1597 204 1663 Atque
216 1598 268 1646 baec
282 1597 381 1645 callidis
396 1595 602 1640 criminatoribus
618 1593 694 1656 (inter
711 1609 774 1656 quoe
788 1595 918 1662 delegerat
929 1597 1022 1646 Julium

110 1669 280 1726 Postumum,
298 1684 344 1732 per
356 1663 509 1712 adulterium
521 1662 628 1710 Mutiliae
643 1663 734 1713 Prisca
745 1665 812 1713 inter
825 1669 935 1720 intimos
951 1669 1022 1723 arie,

111 1752 139 1790 et
150 1743 263 1790 coneiliie
275 1741 327 1788 auia
339 1734 505 1802 peridoneum
516 1756 523 1798 3
536 1737 595 1800 quia
606 1738 688 1787 Prisca
706 1739 828 1788 inanimo
843 1740 969 1807 Augusta
982 1756 1022 1788 va-

109 1813 172 1879 lida)
184 1830 275 1872 annm,
289 1811 376 1875 auipte
388 1808 477 1857 arturi
490 1813 610 1875 potentiae
624 1814 738 1870 anxiam,
756 1811 935 1868 ineociabilem
950 1813 1021 1866 nurui
1037 1849 1038 1886 p

109 1887 243 1937 afficiebar.
254 1882 397 1950 Agrippina
405 1897 506 1946 quoque
515 1883 624 1948 proximi
636 1883 816 1948 illiciebautur,
826 1892 913 1954 pravis
923 1906 1021 1942 aermo-

110 1961 187 2012 nibue
199 1961 310 2010 tumidos
327 1958 428 2023 spiritua
440 1960 627 2024 peretimultre.

143 2034 216 2084 xnt.
226 2035 261 2084 At
271 2032 398 2096 Tiberim,
411 2031 474 2081 nibil
484 2032 625 2084 intermitti
632 2050 719 2084 rerum
729 2035 797 2096 curri,
809 2040 911 2104 negotia
923 2058 973 2108 pro
981 2055 1020 2090 eo·

113 2106 183 2157 latiie
191 2109 330 2175 accipient,
339 2105 378 2171 jue
387 2105 479 2156 civium
485 2144 493 2172 ,
503 2123 592 2175 precer
603 2110 729 2161 sociorum
739 2112 870 2160 tractabat.
881 2112 1020 2178 Factaque,

111 2190 215 2230 auctore
224 2197 269 2241 eo,
278 2181 511 2245 aenanrtconeulta,
523 2194 572 2232 <rut
581 2184 678 2233 civitati
686 2184 832 2252 Cibyratica
842 2185 1018 2252 apudAeiam,

112 2257 225 2321 AEgienei
238 2257 307 2325 apud
316 2255 439 2308 Achaiam
452 2270 525 2307 motu
545 2270 615 2308 terra
630 2258 772 2324 labelactie‚
789 2261 969 2311 subveniretur
980 2275 1019 2310 re-

111 2329 233 2380 minione
244 2331 334 2382 tributi
343 2333 370 2379 in
382 2331 519 2381 triennium
526 2349 552 2380 r).
561 2331 690 2382 EtVibiue
700 2331 824 2392 Serenus,
836 2333 973 2400 proconsul
984 2330 1021 2380 ul·

67 2449 74 2458 ,
112 2403 1019 2474 mriorieHiepauiae,deripublicidamnatur,obatcocitatemmorum‚

112 2477 141 2528 in
152 2479 262 2534 insolam
274 2481 417 2547 Amorgum
430 2481 588 2548 deportatur.
600 2479 728 2529 Carsidius
737 2481 867 2540 sacerdot,
878 2498 951 2545 reue,
964 2491 1020 2529 tan·

113 2567 190 2616 quam
202 2551 331 2603 fruniento
343 2554 443 2603 hortem
453 2553 638 2602 Tacfarinatem
648 2552 754 2614 juviseet
760 2593 768 2617 ,
784 2555 923 2604 abeolvitur
933 2572 941 2620 3
952 2553 1020 2616 ejus·

112 2623 222 2688 demque
235 2629 351 2677 criminis
362 2629 393 2676 0.
411 2627 552 2679 Graeciam.
566 2627 641 2675 Hunc
652 2627 773 2675 comitem
789 2628 870 2678 exeilii
882 2624 1019 2676 admodum

112 2693 254 2765 inlantem,
273 2712 345 2767 pater
357 2700 521 2767 Sempronius
539 2700 565 2748 in
581 2699 689 2748 intutam
704 2701 839 2750 Cercinam
851 2703 953 2751 tulerat.
967 2697 1019 2747 Illic

81 2816 83 2819 .
112 2769 216 2824 edultue
234 2775 301 2822 inter
312 2785 439 2837 extorrea,
459 2783 485 2822 et
504 2773 649 2822 liberalium
661 2775 753 2822 artium
768 2777 885 2834 neacioe,
902 2787 964 2822 mox
977 2783 1020 2836 per

112 2840 227 2895 Africam
237 2863 267 2896 ac
277 2845 389 2896 Siciliain
398 2845 523 2896 mutando
533 2845 647 2897 cordidit
656 2861 752 2896 mercer
762 2848 949 2896 tuerentabatur
961 2861 967 2891 ι
977 2853 1019 2889 net

113 2926 200 2968 tamen
211 2917 298 2987 effugit
307 2937 403 2988 magnae
412 2919 518 2974 fortune
530 2922 651 2989 pericula.
661 2921 701 2980 Ac
712 2923 738 2976 ni
748 2921 827 2973 mitur
840 2920 940 2982 Lamia,
953 2929 979 2965 et
989 2913 1017 2966 L·

113 2991 257 3060 Aproniua,
270 2997 312 3064 qui
324 2995 437 3046 Africam
446 2997 625 3058 obtinuerant,
638 2999 764 3050 incontem
776 2999 958 3065 protexissent,
969 2991 1018 3038 ela·

113 3065 228 3118 titudine
236 3068 339 3119 iulaneti
348 3071 447 3136 generis
455 3107 462 3131 ,
475 3083 500 3122 et
509 3074 623 3139 paternit
632 3073 743 3124 advertis
753 3073 818 3122 soret
827 3072 977 3118 abuti-actm.

148 3142 221 3196 xlv,
239 3145 265 3194 le
272 3163 372 3212 quoque
382 3163 462 3197 annue
471 3149 609 3216 legationen
619 3150 762 3198 Graecarum
773 3149 907 3196 civitatum
923 3141 1017 3197 habuit,

114 3215 352 3284 elmintonam,
364 3223 424 3272 Coie
434 3225 591 3292 AEeculapii
604 3225 733 3285 delubro,
745 3230 878 3275 vetustum
894 3219 968 3288 asyli
971 3215 1017 3285 jus

115 3299 147 3348 1Δί
146 3291 478 3364 firmaretur,petentibua.
486 3297 897 3365 SamiidecretoAmphictyonunr
905 3293 1017 3342 niteban-

116 3373 158 3420 lur
165 3403 173 3434 ,
186 3371 244 3439 quie
254 3375 410 3447 precipuum
421 3371 470 3426 tuit
479 3390 565 3429 retum
574 3374 689 3430 omnium
700 3371 840 3443 judicium,
851 3385 901 3438 qua
910 3377 1018 3433 temper·
