2100 3709
260 14 264 22 ²
344 33 652 97 exterruerunt.
733 22 750 36 ’“
915 42 956 100 gg

33 128 67 165 ne
77 116 245 181 provinciam
257 118 326 169 bello
339 130 441 169 tentetn
453 140 459 169 ι
473 116 586 188 quosque
597 126 740 179 Germanici
751 147 875 185 memores
885 173 893 197 ,
904 152 950 191 aut

36 187 214 257 inimicisejus
221 190 342 253 adversos
350 207 514 260 cognoverat,
526 198 890 273 contrahit,mcgtritttdinem
898 215 951 265 im·

39 268 180 333 Jseraton'e
200 264 338 323 identidem
359 266 491 334 ingerens,
510 270 539 321 et'
553 274 753 345 rempubliccm
773 285 854 335 armis
870 291 950 355 petit
1033 327 1034 332 ,

39 336 163 400 ducitque
174 338 285 389 validam
297 336 413 404 manum,
428 354 453 393 et
466 344 553 409 praelio
561 358 687 415 paratam.

71 408 191 461 LXXX.
206 414 260 463 Nec
275 411 349 477 Piso,
365 432 509 483 quanquam
528 433 609 487 coepta
623 438 696 473 secus
711 424 837 477 cedebant
847 464 854 488 ,
864 432 952 485 omisit

37 482 165 533 tutissima
174 484 364 553 epraesentihus,
373 489 557 543 sedeastellum
565 494 657 547 cilicia
665 498 793 549 munitum
801 500 961 571 admodum,-

39 554 78 603 cui
96 551 194 609 nomen
212 558 359 623 Celendris,
377 577 484 635 occupat
501 564 569 617 Nem
585 568 703 620 admistis
720 571 909 631 desertoribus,
925 588 951 626 et

40 632 122 679 tirone
140 648 224 699 nuper
241 634 399 707 intercepto,
414 640 514 706 suisque
533 651 559 689 et
572 641 696 692 Plancinae
713 647 823 699 servitiis
833 686 841 709 ,
853 649 952 705 auxilia

41 703 148 753 Cilicum
156 722 213 769 quse
221 706 298 773 reguli
309 712 435 761 miserant
440 750 449 777 ,
457 713 484 763 in
498 731 631 769 numerum
641 718 748 785 legionis
757 734 952 791 composuerat:

42 778 216 849 tCaesarisque
225 800 252 833 se
260 782 380 851 legatum,
393 786 560 851 testabatur,
567 792 707 857 provincii,
717 810 793 859 quam
802 800 823 848 is
831 796 955 857 dedisset,

42 854 117 901 arceri
123 888 132 916 ,
145 871 199 904 non
211 855 225 903 t
236 856 381 933 legionibus
394 860 490 928 (earnm
501 864 595 931 quippe
605 867 688 915 accitu
701 870 795 937 tenire)
807 870 853 919 sed
864 871 879 921 is
890 873 955 922 Sen-

42 924 74 972 tio
83 960 92 985 ,
107 929 238 993 privetum
255 932 344 983 odium
360 934 429 985 salsis
445 936 592 1003 criminibus
608 949 726 1008 tegente:
741 945 911 995 consisterent
926 947 954 997 its

43 999 108 1059 acie„
121 1018 175 1049 non
188 1005 340 1069 pugnaturis
352 1008 490 1068 militibus,
506 1012 550 1061 ubi
564 1012 685 1065 Pisonem
696 1015 729 1065 ab
738 1015 801 1085 ipsis
810 1029 954 1086 parentem

42 1073 169 1135 qnondam
181 1079 351 1143 appellatum,
363 1080 384 1129 si
399 1080 454 1145 jure
467 1097 597 1151 ageretur,
610 1088 751 1155 potiorem,
764 1094 783 1141 si
792 1096 885 1157 armis,
900 1108 954 1143 non
1033 1133 1035 1148 .

43 1144 201 1207 invalidum,
216 1150 337 1201 vidissent
346 1169 372 1203 n.
384 1152 452 1205 Tum
465 1174 511 1223 pro
527 1158 692 1213 munimentis
701 1164 798 1215 oestelli
808 1167 954 1233 manipnlos

43 1219 163 1283 explieat,
181 1224 250 1293 colleg
264 1224 346 1275 arduo
361 1236 386 1275 et
406 1224 529 1296 derupto3
551 1249 611 1282 nam
628 1245 711 1283 cetera
728 1239 791 1286 mari
806 1241 953 1305 cinguntur.

45 1291 133 1342 Contrd
143 1299 273 1365 veterani,
290 1298 422 1353 ordinibus
432 1320 462 1351 ac
475 1304 594 1354 subsidiis
606 1307 722 1357 instructi
735 1327 741 1357 ι
757 1310 814 1362 hine
825 1314 937 1364 militum
944 1346 953 1371 ,

43 1366 95 1419 inde
104 1370 225 1421 locorum
232 1374 351 1437 asperitas
363 1392 369 1423 t
380 1372 425 1423 sed
435 1391 485 1422 non
495 1376 665 1431 animus,non
673 1395 738 1443 spes,
747 1398 778 1430 ne
790 1386 839 1432 tela
848 1385 953 1457 quidem

44 1442 86 1491 nisi
96 1446 208 1509 agrestia
225 1444 259 1491 ad
274 1445 386 1511 subitum
402 1460 477 1517 usum
493 1458 649 1509 properata:
666 1460 694 1497 ut
707 1452 796 1501 venere
807 1455 834 1503 iu
849 1472 953 1517 manus,

45 1531 90 1565 non
101 1518 169 1569 ultra
179 1516 336 1583 dubitetum,
345 1516 421 1583 quim
432 1516 493 1566 dum
503 1516 625 1565 Romane
635 1517 751 1571 cohortes
762 1524 895 1589 inaquam
903 1531 956 1582 sni·

45 1599 151 1639 terantur
165 1627 172 1647 ,
183 1600 287 1640 vertunt
301 1601 369 1654 terga
380 1588 484 1651 cilices,
497 1606 576 1654 seque
587 1592 692 1641 castello
704 1594 837 1647 claudunt.
919 1648 926 1662 ,

71 1664 200 1713 LXXXI.
216 1666 324 1715 Interim
336 1664 393 1713 Piso
410 1666 514 1715 classem
529 1664 598 1713 heud
610 1668 700 1731 procul
714 1674 889 1737 opperientem
903 1671 952 1727 td·

42 1752 154 1802 pugnare
162 1738 254 1788 frustrd
264 1741 374 1789 tentavit
386 1757 392 1788 :
404 1753 596 1803 regressusque,
607 1750 687 1806 et-pro
698 1745 862 1797 murismodd
872 1761 954 1803 semet

44 1808 210 1873 sdffictando,
225 1810 301 1863 model
313 1812 423 1878 singulos
434 1815 536 1863 nomine
545 1814 613 1874 ciens
624 1852 630 1871 ,
642 1816 750 1880 premiis
763 1834 871 1880 vocans,
883 1824 953 1875 sedi-

45 1886 138 1937 tionem
145 1890 284 1955 coeptabst3
295 1888 406 1953 adeoque
416 1904 603 1952 commoverat,
611 1899 640 1938 nt
649 1889 752 1957 signiler
759 1892 868 1960 legionis
876 1910 951 1949 setta

45 1960 142 2025 signum
155 1961 187 2010 ad
199 1979 258 2011 eum
269 1964 433 2013 transtulerit.
450 1964 516 2012 Tum
524 1964 625 2013 Sentius
640 1980 785 2015 «occanere
799 1984 893 2020 cornus
912 1983 952 2045 tn·

46 2034 151 2097 bneque,
163 2048 189 2085 et
201 2040 253 2103 peti
266 2054 397 2105 aggerem,
412 2040 473 2104 erigi
482 2038 560 2087 scalas
570 2038 674 2108 jussit,
687 2056 716 2091 ac
730 2045 949 2109 promptissimum

47 2125 168 2172 quemque
176 2110 309 2161 succedere
318 2132 324 2171 3
336 2112 398 2161 alios
405 2113 537 2159 tormentis
545 2111 641 2171 heatae,
653 2128 710 2161 saxa
720 2113 816 2163 etfaces
825 2118 949 2182 ingerere.

50 2182 182 2242 Tandem,
199 2185 278 2235 victd
290 2186 462 2249 pertinente,
480 2186 545 2235 Piso
564 2201 622 2235 oros
631 2188 654 2235 it
672 2186 723 2247 nti,
743 2188 841 2237 traditis
859 2191 950 2256 armis,

48 2266 155 2303 maneret
160 2255 187 2303 in
194 2256 298 2305 castello
306 2256 366 2305 dum
374 2258 454 2307 Cesar
461 2258 500 2304 cui
509 2256 606 2321 Syriam
614 2257 772 2322 permitteret
779 2262 950 2315 consuliture.

47 2330 101 2379 Non
108 2340 211 2395 recepte
223 2330 392 2405 cqnditiones:
404 2328 449 2381 nec
459 2331 529 2395 aliud
537 2332 614 2398 quim
625 2349 714 2393 nares,
729 2347 755 2384 et
766 2346 850 2385 tutum
860 2336 887 2385 in
898 2338 950 2406 Ur·

49 2403 101 2453 bem
111 2403 317 2455 itenconcessum
335 2420 380 2457 est.

77 2470 250 2527 emitte
261 2477 360 2531 Rome,
370 2490 504 2543 postquam
514 2478 658 2547 Germanici
666 2476 785 2528 valetudo
793 2482 953 2543 percrebuit,

53 2564 193 2615 cunctaque,
202 2534 269 2619 uteg
278 2552 426 2617 longinquo,
436 2563 510 2600 aucta
517 2550 543 2597 in
554 2548 666 2597 <leterius
673 2547 859 2608 adferebantur,
870 2552 953 2617 dolor,
1016 2594 1021 2603 ,

51 2626 92 2676 ira.
105 2626 137 2675 Et
150 2626 314 2693 erumpebant
326 2638 430 2691 questus
446 2644 451 2675 :
467 2624 553 2674 alden
565 2623 686 2674 nimirum
698 2625 724 2673 in
736 2637 861 2677 extremae
873 2641 953 2683 terras

52 2700 183 2766 relegatum
197 2719 202 2749 :
214 2700 271 2749 ideo
284 2702 369 2751 Pisoni
380 2700 531 2767 permissam
542 2698 697 2765 provinciam
709 2719 715 2748 :
727 2698 775 2748 hoc
785 2702 863 2767 egisse
873 2721 952 2758 secre-

54 2786 89 2825 ιρι
101 2777 216 2840 Augustae
229 2791 287 2823 eum
299 2775 419 2829 Plautini
432 2790 577 2825 sermones:
593 2790 652 2822 rera
663 2791 767 2839 prorsus
779 2775 810 2823 de
822 2776 905 2831 Druso
916 2796 954 2831 se-

53 2850 131 2900 niores
146 2852 248 2902 locutos
263 2871 269 2901 :
282 2851 414 2917 displicere
430 2852 591 2918 regnantibus
605 2852 813 2918 civilia'filiorum,
829 2854 929 2921 ingenie
944 2876 951 2905 ε

55 2942 128 2989 neque
139 2927 172 2976 ob
182 2914 251 2976 aliud
263 2928 427 2994 interceptos,
440 2927 516 2990 quim
527 2929 585 2991 quia
595 2927 718 2993 populum
728 2928 871 2994 Romanum
880 2946 951 2993 aequo

54 2998 101 3064 jure
111 3000 259 3066 complecti,
270 2998 367 3049 redditi
376 3002 508 3065 libertate,
520 3002 669 3067 agitaverint
679 3018 704 3048 n.
713 3001 767 3052 Hos
780 3002 848 3066 vulgi
858 3016 956 3049 sermo·

59 3073 192 3129 retrudite
204 3083 273 3125 tnors
288 3072 350 3123 adeo
365 3074 492 3137 incendit,
509 3087 539 3124 nt
555 3086 611 3123 ante
626 3074 958 3139 edictnmmag'sstratuum,

59 3159 108 3197 ante
118 3148 377 3209 senatusconsultum,
391 3160 491 3214 sumpto
502 3148 613 3211 justitio,
623 3148 797 3197 desererentur
808 3145 860 3193 lora
869 3180 875 3200 ,
885 3144 958 3221 clau-

60 3221 170 3275 cierentur
186 3220 278 3270 domne
292 3221 401 3286 :passim
415 3219 515 3269 silentia
535 3231 561 3267 et
571 3220 693 3283 gemitus,
708 3217 772 3266 nihil
787 3223 958 3277 compositum

54 3295 317 3370 detentationem:
338 3307 364 3349 et
382 3308 524 3363 quanquam
536 3310 627 3395 -npqne
648 3292 788 3361 insignibus
820 3282 962 3376 lugentium
1003 3305 1005 3308 ·
