2100 3709
326 43 562 84 nrsroarannu
583 33 648 84 ursi
671 49 711 86 tr.
876 71 879 79 ·
921 39 972 111 419

33 129 144 196 magis
151 124 370 193 exercitiaquim
375 128 464 179 robur.
474 129 575 193 Quippe
585 129 681 178 ritibus
688 128 833 180 cohortium
843 130 972 194 abductis,

37 206 193 264 Vitellius,
203 204 217 252 le
228 204 354 270 proximis
362 202 516 253 Nerriorum
525 203 762 268 Germanorumque
771 202 857 269 pagis,
868 221 972 272 segnem

41 278 285 328 mrmesumarmis
295 276 454 326 onerarer‘at.
803 296 806 304 r

84 354 167 403 xvl.
186 354 289 413 civilis,
307 352 367 404 dolo
376 352 540 417 grassandum
551 363 621 402 astus
628 389 635 411 ,
649 351 774 402 incusavit
784 351 851 401 ultro
863 349 970 418 proice*

42 435 113 484 tos,
131 443 148 476 rs
158 425 228 490 quod
243 425 345 476 metella
362 425 540 475 deseruissent.
552 426 583 476 Se
595 442 654 475 cum
665 424 782 486 cohorte,
797 427 838 474 cui
847 439 969 490 praeerat,

43 499 234 550 Gsnineiatem
245 501 384 549 tumultum
395 517 616 567 compressurum:
630 501 669 550 illi
685 515 728 549 sua
741 501 846 565 quisque
863 499 969 550 hiberna

43 586 206 639 repeterent
216 593 241 624 n.
253 574 360 624 subesse
368 573 484 641 fraudem
493 575 612 635 consilio,
623 586 649 624 et
661 573 786 640 disperses
796 572 914 622 cobortes
928 573 969 622 ia-

43 644 132 695 cii'u'rs
149 648 274 713 opprimi,
291 662 338 696 nec
352 647 508 696 Brinnonem
528 646 619 696 ducem
638 645 692 710 ejus
707 645 782 702 belli,
797 645 842 697 sed
859 646 969 695 Civilem

45 733 126 780 esse,
144 720 250 784 patuit:
270 719 461 785 erumpent-ibus
477 719 601 786 paulatim
618 718 733 778 indiciis,
753 735 807 782 quae
831 719 951 768 Germani
961 751 979 777 ,.

46 791 113 840 laets
127 793 197 842 bello
214 807 290 858 gens,
300 809 354 842 non
365 793 409 842 diu
420 797 620 843 occultaverunt.
632 793 682 849 Ubi
698 791 792 842 incidie
807 789 896 858 parum
911 808 977 857 cee-v

46 866 130 926 odra,
147 865 181 914 ad
196 868 250 917 rim
265 876 448 931 transgressus,
463 865 623 922 caniseiates
634 903 640 923 ,
651 866 756 924 Frisios,
771 865 892 926 Batavos,
904 883 969 932 pro·-
1040 917 1041 920 ,

47 939 123 1004 priis
134 942 220 990 cuneis
235 942 382 1009 componit:
394 939 490 990 directa
503 956 534 990 ex
548 939 649 990 diverso
667 942 751 1002 acies,¹
761 939 832 990 haud,
846 942 936 1008 procul
954 941 969 990 b

47 1011 165 1063 flumine
174 1013 275 1072 Rheno,
282 1025 308 1062 et
317 1015 430 1063 obversis
440 1017 466 1063 in
474 1015 575 1064 hostem
581 1016 689 1066 navibus
698 1053 704 1074 ,
712 1032 782 1082 quas,
794 1016 903 1066 incensis
913 1032 968 1066 cas·

50 1087 140 1147 tellis,
153 1089 214 1138 iiiuc
224 1087 374 1154 appulerant
383 1104 389 1134 :
399 1102 446 1134 nec
454 1086 498 1136 diu
507 1100 617 1148 certato,
627 1089 791 1154 Tungrorum
798 1088 890 1138 eolrors
898 1090 968 1154 sigua
987 1149 991 1156 Ἴ

49 1161 90 1209 ad
100 1165 213 1213 Civilem
222 1163 352 1212 transtulit
363 1163 541 1229 :perculsique
552 1165 647 1212 milites
658 1164 798 1230 improvisi
807 1165 966 1230 proditione,

50 1235 68 1283 ir
86 1234 165 1286 sociis
180 1236 346 1300 hostibusque
359 1234 530 1284 credebantur.
545 1235 725 1285 Eademetiam
736 1237 843 1286 navibus
853 1233 966 1303 per-lidia.

51 1309 121 1360 Pars
135 1301 262 1376 remigum
275 1309 289 1359 e
305 1307 429 1370 Bstaris,
439 1320 559 1372 tanquam
577 1308 720 1376 imperitii,
737 1309 817 1356 officia
832 1323 967 1362 nautarum
1040 1339 1041 1342 =

50 1397 327 1450 propugnatorumque
336 1381 527 1448 impediebant:
541 1397 602 1431 mox
610 1380 698 1430 contri
708 1381 822 1441 tendere,
834 1395 858 1434 et
870 1400 968 1452 puppes

52 1457 213 1524 hostili-ripe
220 1453 966 1523 obiicere2adpostremumgubernatorescenturionesque,

52 1530 106 1580 nisi
117 1531 207 1581 eadem
216 1529 494 1591 remurmuratione,
505 1527 587 1578 donec
596 1529 712 1592 universa
725 1540 832 1596 quatuor
839 1541 867 1581 et
878 1531 968 1598 viginti

53 1609 162 1656 narium
174 1609 261 1658 classis
270 1596 448 1670 transfugeret.
462 1615 507 1652 ant
516 1615 658 1672 caperetur.
844 1597 848 1613 '

88 1683 177 1734 XVII.
194 1684 267 1733 Clara
279 1698 307 1731 ea
321 1682 427 1731 victoris
437 1684 463 1730 in
475 1697 601 1751 presens,
613 1683 640 1732 in
652 1693 783 1749 posterum
797 1686 852 1735 usui
863 1704 869 1731 r
882 1702 966 1738 armu-

55 1768 145 1819 quest
161 1773 253 1819 nares,
267 1757 358 1820 quibus
375 1754 535 1821 indigebunt,
547 1755 646 1822 adepti,
658 1760 746 1823 magui
759 1775 805 1825 per
813 1759 966 1812 Germanias
1040 1807 1041 1816 2

56 1831 203 1895 Galliasque
216 1831 295 1890 sami,
312 1828 451 1884 libertatis
467 1841 595 1884 auctores
606 1832 807 1884 celebrabantur.
825 1835 965 1888 Germaniae

56 1905 145 1954 rtatim
157 1905 247 1954 misere
260 1906 369 1968 legatos,
384 1905 479 1954 auxilia
493 1905 645 1968 offerentes„
658 1904 799 1956 Galliarum
818 1910 964 1960 societatem
1008 1929 1011 1934 ·

53 1983 145 2032 Civilia
155 1996 208 2032 arte
220 1983 342 2047 donisque
353 1981 500 2040 affectabat,
512 1997 599 2050 captos
609 1982 751 2032 cohortium
764 1984 894 2050 prefectos
906 2005 964 2037 suas

56 2061 84 2108 in
98 2062 214 2108 civitates
221 2056 376 2107 remittendo
387 2075 394 2105 :
409 2057 573 2118 cohortibus,
583 2059 669 2116 abire,
680 2075 711 2106 un
722 2074 828 2108 'manere
841 2063 962 2124 mallent,

56 2134 113 2183 dart
130 2145 256 2200 potestate
267 2149 274 2179 ι
285 2132 460 2190 manentibus,
479 2131 727 2196 honoratarmiiitiap
743 2131 960 2196 digredientibus,

54 2211 134 2275 spolia
149 2206 319 2257 Romanorum
328 2204 507 2256 offerebantur.
521 2205 617 2278 Simql,
632 2201 735 2253 secretii
747 2206 905 2254 sermonibus
916 2207 964 2256 ad·
1011 2258 1013 2261 ,

54 2283 174 2332 monebat
184 2300 200 2331 u
208 2283 341 2340 malorum,
351 2297 405 2344 quae
414 2291 452 2328 tot
463 2279 535 2335 anuis
544 2279 670 2345 perpessi,
683 2277 803 2326 miserum
812 2282 962 2330 servitutem

56 2357 120 2407 tutio
131 2373 220 2422 pacem
236 2366 366 2424 vocarent.
378 2354 486 2402 batavum
493 2369 505 2413 ,¹
512 2368 657 2418 quanquam
667 2351 820 2401 tributorum
830 2355 960 2418 cirpertes,

42 2428 126 2482 'arma
141 2444 228 2480 contre
237 2429 513 2486 communesdominos
528 2428 639 2494 cepisse:
652 2425 733 2493 primis
743 2425 795 2474 acie
808 2424 890 2474 furum
907 2428 962 2477 ric-

57 2519 159 2569 tumque
171 2509 315 2554 Romanum
327 2521 333 2552 :
346 2493 419 2566 quid,
430 2501 452 2549 si
465 2500 554 2561 Gallie
565 2499 652 2564 jugum
663 2496 787 2548 extuanti
799 2509 921 2570 quun-tum
933 2503 959 2550 in

56 2579 126 2628 italis
134 2575 278 2643 reliquum?
291 2575 478 2642 provinciarum
487 2573 606 2638 sanguine
616 2572 758 2637 provincias
769 2571 834 2618 vinci
842 2570 894 2619 'f‘ne
902 2573 961 2621 Vin·

58 2653 118 2703 dicis
126 2651 205 2700 aciem
217 2652 371 2714 cogitarent:
383 2648 477 2696 Batavo
486 2646 570 2710 equite
582 2649 702 2712 protritos
713 2643 807 2694 AEduos
816 2642 960 2696 Arvernos-

58 2744 105 2792 que
117 2745 123 2776 :
134 2724 209 2773 fuisse
222 2726 289 2774 inter
300 2723 416 2787 Verginii
426 2721 518 2768 auxilia
532 2720 619 2784 Belgas
630 2735 635 2766 :
647 2717 754 2781 reteque
770 2718 958 2783 reputantibus,

58 2800 162 2848 Gallium
171 2799 277 2846 suismet
286 2797 381 2844 viribus
390 2791 540 2843 concidisse.
549 2793 622 2840 Nunc
631 2791 730 2840 easdem
740 2793 853 2839 omnium
862 2805 957 2857 partes,

56 2871 153 2929 addito,
165 2873 186 2919 si
198 2869 261 2935 quid
271 2858 388 2918 militaris
399 2867 538 2932 disciplinae
549 2868 574 2914 in
584 2867 673 2914 castris
683 2863 856 2913 Romanorum
872 2867 959 2930 rigue-

57 2951 91 2998 rit
100 2964 107 2996 τ
115 2963 165 2997 erse
177 2964 264 2997 secum
273 2958 406 2996 veterana-s
415 2944 548 3000 cohortes,
561 2944 654 3008 quibus
665 2957 747 3006 nuper
758 2941 868 2991 Othonia
878 2943 960 3005 legio-

58 3038 101 3070 nes
115 3022 305 3086 prooubuerint.
326 3022 457 3069 Seri-irent
476 3017 547 3083 Syria
566 3015 691 3080 Asiaque,
713 3026 738 3063 et
756 3027 842 3063 suetus
858 3014 959 3075 regibus

60 3097 164 3144 Oriens:
181 3096 275 3143 multos
292 3092 375 3141 adbuc
398 3095 424 3139 in
443 3091 527 3140 Gotttt
543 3090 643 3146 rivere,
658 3100 715 3144 aute
735 3088 831 3134 tributa
850 3087 958 3148 genitos

59 3171 140 3236 Nuper
151 3169 235 3226 certe,
246 3184 308 3216 ceso
318 3166 461 3227 Quinctilio
470 3166 551 3224 Varo,
561 3166 660 3228 pulsnm
670 3162 683 3208 ir
694 3161 828 3208 Germanii
836 3186 837 3189 =
846 3160 957 3208 servitu-

20 3230 22 3233 *
60 3256 117 3292 tem.
133 3243 186 3292 Nec
203 3243 337 3292 Vitellium
355 3238 510 3306 principem,
532 3234 576 3282 sed
591 3236 713 3288 Caesarem
730 3231 874 3295 Augustum
890 3231 970 3282 bello'

24 3300 28 3304 ⁵
57 3327 225 3386 provocatum.
237 3314 395 3374 Libertatem
406 3307 507 3375 asturi,
517 3309 594 3358 etiam
603 3304 681 3356 mutis
689 3302 960 3427 anirnagdprsfflatam,
978 3335 980 3340 ,
