2100 3709
303 40 545 78 urarottraanrr
563 42 630 82 nra.
650 48 669 85 t.
892 42 937 93 511

27 120 119 187 pedire
129 156 136 177 ,
146 122 303 187 provinciam
314 122 384 170 aditu
399 123 526 192 difficilem
536 160 542 182 ,
554 140 660 175 auuonte
669 128 807 181 secandam
819 168 826 193 ,
839 150 942 201 eupere-

29 195 122 241 titionc
131 212 160 241 ac
169 194 271 255 larciriai
283 194 426 243 diacordcnt
437 208 465 245 et
471 198 603 261 mobilem,
614 199 717 252 insciam
728 204 822 269 legum,
831 207 942 272 ignaram

30 269 245 332 magistratuum,
256 268 326 320 domi
335 270 451 318 retinete.
461 270 577 335 Regebat
589 282 643 319 tum
656 272 774 325 Tiberina
787 278 940 347 Alexander,

31 340 148 403 ejusdem
165 343 286 391 uatIonie.
305 343 405 403 Africa,
420 360 450 392 ac
466 345 580 409 legionea
593 346 620 394 in
638 347 682 407 el,
699 349 834 399 interiecto
851 354 943 405 Clodio

32 414 138 477 Macro,
160 427 285 463 contentae
306 416 485 480 qualicumque
504 416 634 482 principe,
654 433 712 485 pout
737 418 943 488 experlmentum

34 484 134 542 domiai
146 489 264 538 minaria.
274 484 335 535 Ouaa
342 488 519 552 Mauretania,
531 488 623 549 tarta,
634 491 755 541 Noricum
765 530 771 555 ,
787 496 909 559 Thracia,
919 512 945 551 et

34 575 90 623 quae
103 560 157 607 aliae
166 562 373 626 procuratoribus
385 560 550 621 cohibemur,
564 574 593 613 ut
607 552 698 629 cuiqu‘e
708 568 829 617 exercitui
842 572 945 637 vicinae,

35 631 73 678 ita
90 632 118 679 in
137 630 264 692 levorem,
283 644 329 682 aut
345 634 448 690 odium,
468 648 586 687 contactu
609 637 778 689 valentiorum
798 644 945 707 agebantur.

36 705 152 756 inermen
162 709 312 770 provincia,
326 720 401 775 atque
415 712 469 777 ipsa
484 713 510 761 in
522 714 611 778 primia
623 711 711 774 Italia,
727 716 878 781 cuicumque
889 718 945 768 aer·
1002 718 1003 721 ’

36 782 104 829 vitio
122 782 249 846 expetita,
265 784 292 831 iu
306 784 422 847 pretium
433 783 494 831 belli
509 800 614 833 censurae
632 798 713 836 erant.
730 788 778 837 llic
795 788 843 838 luit
861 806 946 841 rerum

36 855 212 902 Romanarum
221 865 314 914 atatue,
324 870 403 919 quum
411 855 465 906 Ser.
479 857 560 906 Galba
572 856 665 907 itertim
677 894 684 917 ,
698 858 773 909 Titua
785 861 946 913 Viniuecon-

35 928 121 987 aulea,
139 925 287 977 inchoavere
307 944 401 977 anuum
421 928 469 978 aibi
484 930 618 994 ultimum,
643 933 786 998 reipublice
802 935 881 1002 prope
903 952 946 985 an·

59 1016 170 1049 remum.
381 1021 384 1028 ·
416 1032 435 1057 ‚e

33 1016 58 1145 *P
75 1072 137 1122 xtt.
154 1072 243 1121 Paucia
255 1083 315 1137 pout
325 1071 437 1123 Kalend.
450 1072 580 1125 lanuariaa
593 1074 693 1137 diebua,
705 1078 823 1143 Pompeii
835 1077 948 1147 Propin-

28 1196 31 1200 ,
41 1149 99 1211 qni,
108 1149 295 1213 procuratorio,
307 1144 321 1195 ὲ
333 1144 432 1209 uetgtct
442 1146 533 1196 litterae
542 1149 696 1199 ail'ernntur:
708 1166 723 1198 o
732 1150 871 1215 superioria
882 1154 951 1201 Ger·

41 1221 134 1275 anania
144 1222 267 1285 legionea,
278 1218 353 1286 rupti
362 1223 512 1269 aacramenti
523 1218 670 1287 reverentii,
681 1223 858 1288 imperatorem
869 1228 947 1275 alium

42 1294 172 1356 flagitare,
190 1303 217 1339 et
232 1293 330 1340 senatui
343 1306 373 1339 ae
386 1292 481 1356 populo
494 1294 611 1343 Romano
623 1294 755 1343 arbitrium
768 1296 877 1359 eligendi
889 1314 950 1363 per-

44 1368 168 1417 mitteret
179 1403 187 1426 ,
208 1368 258 1429 quo
278 1364 372 1413 reditio
391 1363 496 1415 mollitia
515 1360 683 1433 acciperetur.
705 1368 841 1416 Maturarit
859 1386 888 1418 ea
907 1386 949 1421 ree
1035 1388 1036 1391 ’

44 1441 181 1489 concilium
190 1440 292 1501 Galba,
303 1432 353 1502 iam
366 1438 466 1503 pridem
477 1438 509 1487 de
516 1439 654 1506 adoptione
664 1456 750 1489 aecum
762 1452 787 1489 et
796 1456 854 1489 cnm
863 1444 951 1508 proxi-

45 1516 97 1565 mia
113 1516 241 1580 agitantis.
257 1516 314 1565 Non
331 1514 391 1563 eane
408 1514 522 1563 crebrior
538 1514 592 1564 totd
611 1513 713 1564 civitate
731 1529 815 1562 sermo
830 1532 876 1580 per
894 1516 951 1563 illos

42 1604 145 1639 memet
155 1588 252 1637 Inerat:
262 1585 376 1653 primum
386 1586 502 1645 licentii,
516 1603 546 1636 ac
557 1586 664 1635 libidine
674 1582 733 1635 talia
743 1587 879 1650 loquendi,
894 1587 954 1641 dein

45 1662 113 1711 tent
126 1655 173 1726 jam
188 1674 259 1711 aetate
277 1662 373 1711 Galba.
389 1660 479 1711 Faucia
495 1660 631 1725 judicium,
650 1671 694 1710 aut
708 1660 853 1726 reipublice
865 1672 968 1713 amort'

47 1734 126 1783 multi
140 1736 239 1784 occulti
252 1752 313 1801 ape,
326 1746 401 1801 prout
412 1736 469 1800 qula
479 1736 576 1785 amicus
588 1735 627 1784 rel
642 1734 737 1791 cllena,
752 1732 819 1783 huuc
830 1734 953 1785 velillum

48 1809 191 1865 ambitioaia
203 1810 347 1859 rumoribua
360 1809 537 1873 destinabant,
547 1810 625 1859 etiam
635 1810 661 1857 in
671 1809 706 1861 Ta
712 1807 783 1858 Vinii
795 1805 896 1871 odium,
910 1810 954 1871 qui

49 1884 80 1932 iu
91 1882 146 1930 dica
154 1882 249 1947 quantb
256 1885 395 1949 potentior,
408 1882 568 1932 eodem‘aetu
581 1882 687 1931 invitior
699 1889 761 1929 erat.
772 1878 973 1944 Quippe‘lriam,

47 1969 106 2015 tea,
123 1956 150 2004 in
161 1956 250 2021 magud
262 1956 378 2017 fortuni,
391 1958 530 2005 amicorum
544 1956 711 2022 cupiditates,
727 1955 779 2019 ipsa
795 1952 881 2003 Galba
895 1952 958 2002 laci·

50 2032 126 2089 litaa,
137 2030 299 2094 intendebam
316 2047 396 2093 quum
413 2029 481 2093 apud
497 2029 627 2077 infirmum
645 2040 670 2077 et
689 2024 836 2085 credulum,
857 2028 956 2075 minore

48 2115 137 2163 metu,
151 2115 176 2151 et
187 2104 280 2167 majore
290 2104 395 2167 praemio
402 2112 560 2165 peccaretur.

87 2174 160 2224 XIII.
178 2177 295 2225 Potentia
312 2172 469 2240 principatda
481 2172 559 2222 divlaa
572 2171 600 2221 iu
608 2170 639 2219 T.
654 2169 760 2218 Vinium
775 2170 921 2231 cumulem,
932 2184 958 2223 et

53 2248 203 2298 Cornelium
211 2248 348 2308 Laconem,
358 2247 467 2312 praetorii
476 2244 633 2316 prefectum.
642 2244 694 2293 Nec
702 2236 785 2291 minor
795 2243 873 2308 gratia
883 2243 959 2310 Icelo,

53 2322 143 2371 Galbae
161 2322 271 2381 liberto,
286 2338 362 2385 quern
378 2320 478 2368 annulis
487 2318 632 2380 donatum,
646 2317 755 2379 equestri
767 2320 870 2365 nomine
880 2322 963 2369 Maru

55 2399 164 2446 liranum
178 2394 335 2442 vocitabant.
349 2393 382 2439 Hi
391 2386 521 2440 diacorum
531 2426 538 2447 ,
550 2402 575 2437 et
586 2389 661 2437 rebus
674 2387 815 2447 minoribus
826 2389 876 2435 eibi
886 2391 960 2451 quie-

52 2485 105 2534 que
115 2465 266 2524 tendentes,
279 2467 344 2515 circa
357 2464 492 2528 concilium
501 2461 613 2528 eligendi
625 2460 774 2509 arrccesaoris
790 2461 815 2505 iu
831 2460 893 2505 duaa
909 2458 966 2507 lac·

55 2544 141 2589 tionea
155 2538 347 2601 scindebantur.
356 2529 451 2584 'Viuim
462 2552 510 2601 pro
525 2534 566 2586 M·
582 2531 700 2581 Othone:
714 2530 781 2579 Laco
792 2544 866 2595 atque
881 2529 965 2579 Icelus

54 2628 183 2663 conaenan
193 2630 244 2662 non
256 2624 308 2661 tant
318 2627 398 2659 unum
410 2611 520 2674 aliquem
534 2608 671 2667 fovebant,
688 2602 764 2669 quim
778 2605 865 2655 alium.
877 2606 966 2669 Neque

55 2697 115 2735 erat
128 2688 214 2739 Galbat
230 2689 316 2753 ignota
328 2684 435 2733 Othonia
448 2701 478 2732 ac
490 2685 527 2732 ·T.
544 2682 613 2731 Vinii
629 2680 758 2740 amicitia,
773 2696 804 2727 ex
820 2680 967 2729 rumoribus

57 2762 126 2812 nibil
141 2756 487 2809 cilentio'trauemitteutium
499 2774 505 2803 :
519 2756 578 2820 quia
597 2754 676 2807 Vinio
698 2752 774 2801 vidua
794 2752 861 2811 lilia,
879 2753 969 2801 calebo

59 2836 147 2893 Otho,
159 2850 235 2897 gener
245 2849 274 2881 ac
287 2847 358 2879 aocer
370 2829 572 2879 destinabantur.
586 2825 668 2877 Credo
686 2838 712 2873 et
723 2825 867 2891 reipublicae
882 2840 968 2875 euram

57 2908 158 2960 anbiate
167 2944 173 2963 ‚
183 2906 275 2955 frnatrit
287 2906 300 2954 a
315 2905 419 2955 Nerone
433 2903 576 2965 trauelatae,
591 2900 612 2947 ai
621 2898 688 2963 apud
700 2898 826 2957 Othonem
840 2901 971 2961 relinque-

56 2994 142 3037 retur.
159 2982 274 3044 Namque
290 2979 360 3028 Otho
374 2978 509 3043 pueritiam
525 2972 665 3032 incuriose,
679 2970 879 3022 'adulescentiam
895 2982 972 3035 petu-

57 3059 144 3105 lanter
153 3068 254 3120 egerat3
266 3066 353 3119 gratur
361 3052 473 3110 Neroni,
484 3049 643 3101 emulatione
655 3047 744 3097 lorber
758 3045 837 3109 edque
846 3048 894 3108 jam
905 3042 971 3117 ξομ·

59 3144 143 3196 param
154 3127 284 3191 SabInant,
295 3125 433 3192 principale
443 3136 554 3172 acortnm
563 3158 568 3178 ,
578 3133 607 3168 ut
618 3118 686 3183 apud
696 3118 824 3189 couacium
835 3114 971 3164 libidinum
998 3130 1000 3135 ’

61 3202 230 3268 deposuerat,
241 3200 323 3247 donee
331 3197 462 3246 Octaviam
468 3210 574 3242 uxorem
584 3191 743 3239 amoliretur:
754 3204 813 3237 mox
826 3184 971 3251 suspectum

62 3276 90 3326 in
101 3274 192 3325 eidem
203 3271 309 3339 Poppaei
316 3307 324 3335 ,
335 3273 362 3323 itt
374 3268 535 3340 provinciam
546 3260 704 3315 Lusitaniam
710 3298 718 3327 ,
730 3260 813 3327 aperie
829 3257 974 3323 legationis,
