2100 3709
326 70 505 111 staturus!
522 68 587 111 trs.
606 70 626 113 t.
896 53 935 115 δι’

55 150 170 206 LXVIII.
180 147 258 205 Haud
268 154 354 205 minus
363 155 460 218 inquies
470 156 629 213 Germanus,
639 167 684 219 spe
692 187 700 212 ,
708 152 841 221 cupidine,
854 167 880 206 et
889 157 935 206 dia

21 232 95 277 versis
104 229 199 279 dueum
207 231 341 280 sententiis
348 230 450 293 agebat:
459 225 592 291 Arminio,¹
604 228 842 295 «sinerentegredi,
852 248 936 297 egres:

21 318 107 366 sosque
120 316 222 353 rursum
241 321 288 370 per
302 302 406 350 humida
423 313 449 350 et
465 302 588 368 impedita
603 302 856 362 circumvenirent»,
871 320 934 354 sua—

22 376 93 424 dente
105 378 249 426 :atrociora
260 377 433 442 Inguiomero,
447 385 472 423 et
485 376 542 423 leta
555 375 680 439 barbaris,
693 387 741 424 rut
751 378 848 427 saltum
858 379 937 427 rantis

22 446 144 499 ambirent
160 468 166 497 :
185 462 332 516 promptam
348 450 582 515 expuguationem,
599 449 685 515 plnres
699 451 829 514 captivos,
845 451 934 499 incor-

23 534 118 588 ruptam
130 525 243 588 praedam
257 525 311 574 sore
319 543 343 576 u.
351 524 431 589 lgitur
441 522 498 571 orti
509 522 551 570 die
560 558 569 583 ,
579 522 806 588 proruuntlossar,
820 521 936 590 injiciunt

23 608 97 645 crates
105 634 113 656 ,
121 599 428 665 summanalliprensant,
436 610 494 644 raro
502 612 577 662 super
583 596 678 657 milite,
686 599 830 662 etqoasiob
836 610 934 647 metum

24 670 100 719 deliro
110 688 117 720 a
128 684 265 739 postquam
276 672 369 723 haesere
378 672 560 733 munimentis,
573 669 646 719 detur
656 672 804 722 cohortibus
817 674 919 738 signum
926 697 938 734 5

24 760 162 811 cornuaque
178 765 207 796 ao
224 749 291 797 tubas
305 746 476 797 conoiuudre:
494 748 553 795 exin
569 748 681 796 clamore
697 760 722 796 et
739 747 839 815 impetu
856 748 937 812 tergis
955 779 961 791 .

19 820 210 870 'Germanorum
222 820 466 879 oireuut‘unduntur,
482 822 679 887 exprobrantes,
696 835 769 870 onon
785 821 827 870 blc
841 822 934 883 silras,

26 910 68 941 nee
81 895 203 960 paludes,
213 895 257 945 sed
268 896 344 962 aequis
351 895 415 944 locis
425 908 508 959 apros
518 895 611 943 deors.
619 895 696 959 Hosti
705 893 780 943 lacile
790 894 934 956 excidium,

24 978 48 1014 et
55 984 150 1032 paucos
157 980 182 1017 et
189 970 462 1035 semermosoogitanti,
472 984 550 1017 sonus
559 968 676 1017 tubarum
683 1004 691 1027 ,
698 965 782 1032 fulgor
788 984 918 1018 armorum
925 1000 938 1031 ,

24 1041 113 1103 quantu
121 1043 237 1108 inopina,
250 1042 321 1093 tantb
331 1042 425 1107 majora
436 1042 603 1092 ollttnduntur
611 1060 618 1107 ς
625 1033 810 1107 cadebantque,-
818 1055 847 1092 ut
856 1042 937 1092 rebus

26 1114 139 1174 secundia
148 1116 216 1165 avidi
225 1155 232 1177 ,
247 1119 281 1165 ita
292 1116 403 1165 adversis
410 1117 657 1167 incauti.·Arminius
666 1116 777 1181 integer,
786 1118 935 1182 Inguiome-

25 1202 61 1235 rus
70 1201 128 1255 post
139 1207 214 1255 grave
224 1194 329 1251 vuinus,
336 1205 446 1259 pugnam
456 1192 587 1245 deseruere
599 1211 605 1242 ε
617 1194 708 1261 vulgus
719 1192 873 1241 trucidatum
884 1204 936 1253 est,

26 1258 99 1309 donee
117 1265 154 1313 ira
174 1277 201 1314 et
217 1265 273 1314 dies
291 1268 441 1333 permansit.
460 1267 500 1315 No
517 1278 541 1316 te
559 1267 663 1315 demum
680 1278 788 1313 reverse
802 1266 934 1333 legiones,

24 1337 130 1398 quamne
142 1340 202 1405 plus
215 1340 367 1399 vulnerum,
382 1338 472 1388 eadem
487 1284 603 1388 ciborum
617 1348 712 1404 egestas
723 1337 852 1404 latigaret,
865 1342 918 1390 tim
925 1374 936 1405 ,

25 1410 164 1471 sanitatem,
176 1413 283 1476 copias,
296 1420 388 1459 cuncta
395 1412 425 1459 itt
434 1410 543 1458 victorii
550 1410 673 1458 habuere.

54 1482 149 1537 Lxlx.
163 1487 321 1535 Pervaserat
333 1482 437 1533 interim
454 1480 645 1529 «circumventi
659 1481 805 1531 exereitdsu
816 1483 895 1543 sama,
909 1495 939 1534 et

25 1556 128 1609 ninlesto
151 1559 342 1609 Germanorum
361 1554 461 1620 agmine
477 1552 578 1600 Gallias
594 1555 649 1618 peti
660 1572 694 1604 n.-
712 1571 741 1603 ac
754 1556 782 1603 ni
797 1558 939 1623 Agrippina

26 1625 167 1697 impositum
177 1632 269 1681 Rheno
283 1641 388 1697 pontem
403 1627 470 1679 solri
479 1626 663 1692 prohibuisset,
679 1639 753 1675 erant
766 1630 810 1692 qui
824 1628 851 1676 id
863 1630 939 1696 flagi·

25 1706 82 1752 tium
93 1705 233 1753 formidine
245 1704 370 1754 auderent
383 1721 389 1751 :
400 1701 445 1751 sed
454 1701 548 1749 semina
560 1700 648 1765 ingens
661 1702 749 1761 animi,
762 1702 850 1752 munia
861 1703 937 1757 ducis

26 1795 63 1843 per
78 1794 119 1827 eos
137 1777 192 1827 dies
207 1776 307 1836 induit,
326 1776 514 1839 militibusque,
535 1784 564 1821 ut
578 1774 635 1839 quis
651 1775 739 1845 inops,
757 1788 801 1826 aut
818 1780 917 1827 saucius
926 1810 936 1834 ,

26 1864 114 1900 vestem
124 1862 150 1900 et
158 1850 271 1901 fomenta
282 1850 398 1917 dilargita
407 1858 454 1899 est.
466 1846 558 1895 Tradit
566 1846 598 1895 0.
611 1846 710 1897 Plinius
720 1847 935 1901 Germanicorum

26 1924 144 1973 bellorum
151 1924 269 1990 scriptor,
279 1924 375 1973 stetisse
388 1921 457 1988 apud
468 1920 620 1987 principium
631 1922 733 1986 pontis,
742 1922 831 1971 laudes
842 1936 869 1974 et
876 1941 937 1990 gra-

28 2010 58 2046 tes
67 1999 174 2047 reversis
183 1998 325 2063 legionibus
337 1996 484 2047 habentem.
497 1993 528 2042 ld
538 1993 636 2044 Tiberii
645 1996 759 2045 animum
766 1995 843 2047 altiirs
852 2016 935 2065 pene·

27 2074 97 2122 travit
113 2090 118 2118 :
136 2088 207 2123 onon
227 2072 295 2121 enirn
311 2065 442 2137 simplices
457 2085 498 2117 eas
512 2083 600 2127 ouras,
617 2070 664 2117 nec
681 2068 801 2119 adversus
815 2084 935 2122 externos

26 2147 127 2194 militem
134 2148 210 2211 quaeri
218 2164 223 2192 :
231 2144 296 2195 nibil
302 2143 632 2210 relietumimperatoribus,
640 2142 684 2191 ubi
691 2142 935 2214 leminamauipolos

26 2219 165 2277 interviret,
178 2219 248 2283 signa
259 2216 346 2279 adeat,
359 2218 521 2282 largitionem
539 2226 634 2278 tentet,
650 2226 770 2280 tanquam
779 2219 871 2283 partim
880 2237 935 2268 am-

25 2290 110 2341 bisiost
124 2292 203 2341 filium
212 2291 287 2341 ducis
296 2292 389 2359 gregali
396 2290 484 2340 babitu
494 2288 686 2355 circumferat»,
697 2292 870 2357 Cereremque
881 2296 934 2343 Ca-

25 2362 123 2428 ligulam
141 2367 276 2432 «appelari
288 2366 359 2415 relit.
373 2365 506 2413 Potioresn
522 2364 572 2425 iarn
585 2362 654 2428 apud
664 2366 790 2427 exercitus
807 2365 933 2433 Agrippi-

27 2455 90 2501 nam,
103 2438 178 2502 quim
190 2440 301 2505 legatos,
313 2438 390 2501 quiam
399 2437 477 2483 duces
489 2453 495 2480 :
505 2451 676 2497 compressam
686 2434 700 2481 'a
709 2437 814 2484 muliere
822 2438 933 2486 reditio-

27 2526 92 2570 nem,
107 2514 149 2560 oui
161 2530 254 2561 nomen
270 2509 394 2577 principis
405 2506 531 2556 obsistere
545 2519 597 2551 non
611 2505 934 2566 quiverit.»·Aocendebat

27 2583 82 2643 beo,
93 2588 265 2657 onerabatque
277 2583 383 2646 Sejanus
389 2620 396 2643 ,
405 2578 498 2648 peritii
509 2595 610 2647 morum
620 2577 716 2628 Tiberii
725 2574 817 2640 odia'in
827 2582 934 2652 longum

28 2656 122 2719 jaciens,
134 2675 187 2721 qnae
199 2656 361 2717 reconderet,
374 2668 498 2719 auctaque
511 2664 649 2719 promeret.

52 2722 132 2779 Lxx'.
148 2732 184 2782 At
195 2730 364 2781 Germanicus
376 2733 507 2796 legionum
517 2746 580 2793 quaa
590 2728 700 2777 navibus
711 2744 827 2790 rexerat,
840 2752 932 2787 secun·
980 2728 984 2737 ¹

27 2802 74 2853 dam
86 2818 111 2854 et
128 2818 244 2869 quartam
260 2806 384 2867 <helmam
400 2806 490 2862 itinere
506 2804 619 2852 terrestri
634 2804 663 2851 P.
682 2798 788 2854 Vitellio
803 2807 933 2863 ducendas

29 2880 111 2937 tradit,
123 2885 174 2944 quo
184 2881 265 2929 levior
275 2879 362 2928 classis
369 2878 464 2926 vadoso
473 2876 538 2924 mari
547 2879 659 2935 innaret,
670 2877 709 2925 vel
719 2880 849 2946 reciproco
859 2886 932 2935 side.

28 2967 63 3003 ret.
74 2953 194 3003 Vitellius
204 2954 316 3019 primum
327 2953 376 3001 iter
384 2951 449 3000 sicci
459 2950 549 3010 humo,
556 2949 708 3000 autmotlicd
713 2950 848 3007 adlabente
857 2973 930 3029 natu,

29 3032 131 3092 quietum
141 3027 207 3075 habu
212 3029 231 3076 it
242 3046 248 3075 ε
258 3044 318 3075 mox
328 3028 439 3093 impulsu
450 3026 584 3091 aquilonis,
593 3026 668 3085 simul
679 3024 761 3077 sidere
770 3033 914 3095 aequinoctii
923 3064 931 3085 ,

29 3104 67 3165 qut
75 3100 184 3149 maximis
194 3102 313 3149 tumescit
324 3100 507 3166 Oceanus,rapi
516 3099 604 3163 agique
613 3115 703 3165 agmen
712 3118 718 3148 :
728 3113 754 3150 et
759 3106 930 3170 opplebantur

29 3186 87 3224 terra
95 3194 101 3223 ι
109 3172 200 3222 eadem
212 3170 287 3235 freto,
298 3174 389 3232 littori,
400 3176 496 3237 campis
506 3171 582 3221 facies
592 3189 598 3219 z
608 3188 690 3248 neque
695 3172 805 3223 discerni
811 3188 931 3240 poterant

31 3252 114 3298 inerta
122 3249 155 3297 ab
165 3246 254 3314 solidis
263 3248 363 3305 ,brevia
375 3246 388 3295 t
397 3244 531 3313 profundis
542 3264 548 3294 :
562 3253 710 3295 sternuntur
718 3247 837 3295 fluctibus
847 3254 853 3306 ,
863 3247 928 3295 bau·

31 3319 932 3440 riantnrgurgitibus:jumenta,rsrcinu,corporaexanirnnufppterssuuot,
