2100 3709
277 68 519 111 nrsroartanas
541 70 688 114 suarm
889 64 940 120 ‘rob

17 164 46 203 et
64 158 177 221 penates
187 154 275 205 uxoris
291 150 412 221 pelisset?
430 154 468 206 Ita
485 157 604 223 privato,
622 171 649 207 et
665 172 769 207 omnem
781 158 940 229 principatus

14 231 137 298 speciem
153 234 256 292 vitanti,
277 234 444 285 convenisse:
459 233 550 286 contri
563 236 701 287 Vitellium
716 236 743 286 in
757 237 896 303 palatium,
913 243 942 293 in

17 304 106 369 ipsam
120 304 219 371 imperii
230 322 315 355 arcem
328 320 480 372 regressum.
492 305 555 356 lnde
568 320 693 357 armatum
702 324 793 373 agmen
803 312 942 380 emissnm3

14 373 135 429 stratam
145 379 319 429 innocentium
330 380 439 429 caedibus
448 380 641 432 celeberrimam
650 376 840 449 urbis'partem:
851 404 883 435 ne
891 388 943 444 Ca-

19 450 236 518 pitolioqnidem
249 452 378 505 abstineri.
390 454 517 521 Togatam
530 472 623 521 nempe
633 471 673 515 se,
686 467 713 505 et
722 470 804 507 unum
814 457 827 508 ὲ
837 474 942 511 senato-

19 524 112 585 ribus,
132 526 194 576 ‹lnrn
211 530 279 579 inter·
295 530 480 597 Vespasianum
495 548 524 581 ac
539 531 676 585 Vitellium
689 531 782 601 praeliis
796 535 941 601 legionum,

22 601 227 669 captivitatibus
245 605 362 672 urbium,
379 600 554 655 deditionibus
563 604 711 659 cohortium
724 606 858 671 judicatur.
869 612 942 675 lana,

21 672 160 740 Hispaniis
177 678 387 744 Germaniisque,
403 692 429 731 et
443 678 589 744 Britannia,
604 681 819 742 desciscentibus,
836 682 943 735 fratrem

23 750 181 817 Vespasiani
190 753 312 803 mansisse
321 754 413 814 infide,
422 754 503 805 donec
513 755 620 808 ultioad
628 757 789 808 'conditiones
796 772 941 811 vocaretur.

23 822 123 873 Pacem
141 837 167 875 et
182 825 346 878 concordiam
364 828 437 879 victis
454 830 544 896 utiliar
561 831 702 881 rictoribus
718 829 821 882 tantum
833 832 942 899 pulchra

21 914 91 949 esse..
104 900 132 949 Si
143 904 320 953 conventionis
330 904 467 973 poeniteam
477 914 530 959 n'on
540 923 582 973 se,
591 922 668 973 quem
679 897 784 973 pertidii
795 904 940 974 deeeperit,

23 971 92 1023 ferro
110 987 221 1041 peteret,
240 992 292 1025 non
309 976 391 1027 filium
405 978 569 1045 Vespasiani,
586 981 631 1030 vix
648 981 782 1047 puberem.
793 980 941 1045 Quantum,

25 1050 118 1099 occisis
130 1066 181 1122 uno
191 1066 251 1101 sene
261 1088 267 1108 ,
278 1060 304 1100 et
317 1045 368 1104 uno
377 1052 468 1116 iuvene
476 1091 485 1115 ,
493 1054 603 1121 profici?
615 1057 664 1105 iret
673 1057 776 1105 obviam
784 1050 943 1125 legionibus,

25 1122 91 1172 etde
105 1122 208 1184 summi
218 1140 305 1175 rerum
314 1122 367 1175 illie
375 1135 482 1175 certaret
491 1143 497 1173 :
507 1137 592 1177 cetera
599 1128 740 1179 secundnm
748 1141 869 1179 eventum
877 1141 945 1199 piar·

23 1195 53 1245 lii
73 1212 212 1247 cessuras.
231 1197 358 1265 Turpidus
378 1198 411 1247 ad
429 1198 480 1248 heo
497 1200 636 1260 Vitellius,
656 1204 738 1267 pauca
756 1203 886 1268 purgandi>
900 1207 940 1260 sni

25 1270 101 1319 causti
109 1272 310 1337 reaponditfain
320 1272 449 1323 militem»
460 1273 601 1334 conferens,
609 1275 701 1341 acujns
710 1277 792 1324 nimio
799 1277 888 1328 ardori
896 1283 943 1332 im·

26 1362 115 1412 parem
131 1362 187 1397 esse
203 1348 356 1398 modestiam
367 1364 439 1397 suam
448 1365 473 1399 t).
489 1347 523 1398 Et
535 1351 638 1399 monuit
653 1350 816 1407 Martialem,
828 1363 846 1400 's
858 1364 887 1402 ut
896 1370 943 1422 pei·

28 1434 153 1471 secretam
167 1421 258 1473 aedium
270 1434 370 1490 partem
383 1418 482 1474 occulti
492 1423 589 1488 abiret,
600 1441 632 1473 ne
645 1422 659 1473 'a
671 1424 797 1475 militibus
807 1426 944 1479 internun-

30 1496 80 1543 tius
93 1496 182 1545 inviset
194 1496 457 1563 pacisintetliceretur
468 1514 492 1547 u.
508 1494 568 1565 lpse
578 1512 660 1561 neque
668 1495 788 1561 jubendi,
801 1501 883 1562 neque
894 1518 943 1551 re-

30 1570 100 1618 tandi
112 1582 217 1636 potens,
230 1588 281 1619 non
294 1568 508 1639 iamimperator,
524 1570 570 1620 sed
584 1569 683 1621 tanttim
693 1571 756 1621 belli
765 1587 841 1620 cansa
851 1586 924 1627 erat„

61 1646 159 1709 LXXI.
176 1646 290 1700 Vixdum
302 1662 416 1713 regresso
426 1648 453 1699 in
466 1648 623 1714 Capitolium
634 1647 762 1707 Martiale,
775 1646 860 1697 lutens
869 1650 945 1703 miles

31 1718 133 1779 aderat,
147 1720 218 1770 nullo
235 1720 300 1773 duce
313 1739 319 1769 z
333 1721 383 1770 sibi
401 1721 507 1787 quiaque
520 1733 610 1772 auctor
622 1740 629 1771 ι
639 1723 691 1773 cito
707 1722 807 1787 agmine
821 1720 907 1773 lorum
917 1736 945 1775 ct

29 1792 191 1845 imminentia
202 1794 257 1845 loro
269 1795 363 1861 templa
373 1796 541 1863 praetervecti,
553 1797 652 1869 erigunt
663 1797 745 1848 aciem
753 1812 799 1863 per
805 1792 944 1848 adrersum

31 1869 123 1921 collem
133 1905 140 1927 ,
149 1884 229 1934 nsque
240 1866 272 1917 ad
281 1869 375 1936 primas
385 1869 534 1937 Capitolinae
545 1871 611 1919 arcis
625 1870 702 1921 fores.
714 1868 793 1919 Erant
802 1868 946 1936 antiquiror

31 1943 146 2010 porticus
157 1943 183 1991 in
193 1942 273 1991 latere
283 1942 357 2001 olivi,
372 1942 465 1993 dextrae
484 1943 654 1998 subeuntibus
666 1962 672 1993 a
685 1944 713 1993 in
724 1960 831 2009 quarum
847 1950 945 1998 tectum

31 2018 144 2083 egressi,
157 2016 223 2066 saxis
237 2014 377 2080 tegulisque
392 2014 545 2071 Vitellianos
559 2018 711 2066 obruebant.
723 2017 811 2081 Neque
823 2019 875 2068 illis
886 2034 946 2069 ma·
1007 2038 1011 2040 ’

32 2108 88 2151 nus,
104 2089 154 2141 nisi
163 2088 257 2155 gladiis
268 2098 368 2138 armatae
379 2107 385 2149 ς
396 2098 422 2135 et
431 2102 558 2139 arcessere
570 2099 705 2147 tormenta,
716 2100 760 2137 aut
772 2091 877 2139 missilia
887 2092 949 2155 tels,

30 2162 142 2229 longum.
149 2162 293 2213 ridebatur.
306 2161 382 2210 Faces
391 2162 418 2211 in
429 2160 619 2228 prominentem
627 2161 756 2227 porticum
765 2160 858 2225 jecere5
871 2175 898 2211 et
906 2181 948 2213 sa-

30 2238 174 2301 quebantur
188 2237 272 2303 ignem
283 2254 289 2285 :
302 2234 480 2299 ambustasque
497 2232 618 2300 Capitolii
634 2232 701 2284 fores
713 2246 904 2301 penetrassent,
918 2237 946 2286 ni

32 2311 139 2361 Sabinus
151 2312 265 2361 revulsas
276 2307 389 2373 undique
400 2320 507 2373 statuas,
520 2307 613 2360 decora
622 2307 758 2372 maiorum,
766 2309 792 2358 in
803 2311 858 2376 ipso
866 2312 950 2376 editu,

32 2386 87 2435 rice
100 2386 183 2446 muri,
196 2384 340 2450 objecisset.
357 2382 425 2433 Tum
439 2380 554 2431 diversos
571 2382 693 2447 Capitolii
707 2381 792 2431 aditus
807 2383 948 2451 invadunt,

10 2468 11 2475 ’
31 2450 101 2525 furta
112 2460 202 2514 lucum
211 2458 290 2527 asyli,
301 2467 327 2505 et
337 2454 386 2521 qul
396 2453 504 2521 Tarpeia
514 2470 592 2521 rupes
604 2467 709 2505 centum
720 2454 841 2521 gratillius
851 2458 948 2513 aditur.

34 2533 178 2599 Improvisa
189 2544 296 2597 utraque
308 2529 362 2595 vit;
376 2530 480 2595 propior
493 2538 569 2592 atque
580 2527 662 2578 aerim
676 2527 833 2594 perasylum
842 2530 949 2595 ingrue-

32 2605 78 2655 bat
91 2623 97 2655 :
109 2605 230 2655 necsisti
240 2613 359 2671 poteraut
373 2599 522 2650 scandentes
536 2617 582 2669 per
600 2600 735 2665 conjuncta
746 2599 864 2662 aedifitia,
879 2620 949 2670 quae,

11 2740 12 2743 Ἴ
33 2692 62 2729 ut
80 2682 108 2730 in
126 2680 209 2730 multi
228 2695 308 2746 pace,
328 2678 355 2727 in
372 2678 452 2727 altum
470 2675 550 2737 edita,
569 2678 653 2728 solum
669 2676 788 2743 Capitolii
805 2680 947 2743 aequabant.

10 2744 16 2779 t
32 2753 81 2803 Hic
89 2755 349 2823 ambigitur‚aignem
356 2752 430 2803 tectis
438 2764 627 2819 oppugnatores
634 2752 951 2819 injecerint,anobsessia,

34 2847 89 2895 quae
99 2831 212 2880 crebrior
222 2828 288 2881 latua
297 2840 345 2889 est,
355 2828 374 2878 rc
382 2826 433 2896 quo
443 2830 554 2883 nitentes
563 2846 592 2877 ac
599 2844 748 2897 progressos
759 2827 949 2896 depellerent».

10 2934 18 2965 ρ
35 2904 101 2955 lade
114 2904 200 2971 lapsus
209 2905 274 2973 ignis
287 2904 450 2971 inpertitus,
463 2904 591 2970 appositas
600 2902 695 2954 adibus
706 2921 713 2953 a
724 2919 784 2953 mox
794 2904 949 2959 sustinentes

32 2978 171 3045 fastigium
181 2979 277 3043 aquila,
288 2990 373 3028 vetere
386 2976 464 3043 ligno,
476 2988 606 3028 traxerunt
620 2980 759 3035 flammans,
770 2976 950 3043 alueruntqne,

36 3055 81 3103 Sic
93 3052 247 3117 Capitolium
256 3088 264 3111 .
273 3052 366 3104 clausis
378 3050 490 3113 loribus,
504 3050 665 3106 indefensum
673 3064 699 3104 et
707 3050 878 3117 indireptum,
888 3065 952 3101 eon·
971 3072 979 3085 1

30 3126 166 3192 flagravit.
230 3186 232 3191 Α

66 3197 179 3251 Lxxtt.
196 3198 228 3249 ld
237 3197 334 3251 lacinus
345 3209 403 3264 post
419 3196 550 3247 conditam
569 3192 659 3248 arbem
670 3195 889 3248 luctuosissimum
901 3193 948 3245 [ω-

36 3272 224 3339 rlisrimumque
242 3273 387 3341 reipublicae
404 3269 493 3338 populi
507 3268 619 3319 llomani
633 3271 725 3321 accidit
738 3289 745 3319 ι
757 3267 831 3318 nullo
847 3278 952 3317 externo

33 3346 112 3399 hoste
118 3384 126 3411 ,
139 3346 258 3417 propitiis
267 3382 275 3409 ,
285 3347 361 3416 siper
372 3359 457 3397 mores
468 3352 572 3395 nosnos
582 3343 688 3405 liceret,
698 3342 770 3402 tisis,
782 3337 868 3390 setiam
882 3336 953 3416 ieris
