2100 3709
333 9 609 87 annastasius.
636 51 688 105 υ.
771 16 773 21 ,
920 40 972 96 255

54 118 262 187 opperientinm,
278 135 304 174 et
315 125 482 194 imaginatus,
496 135 521 178 ει
532 129 642 181 irridens
652 132 721 182 Naro
732 167 740 194 ‚
756 131 838 186 raetia
849 139 971 204 supplicii

54 194 156 244 luisse»
167 199 203 246 ait
222 215 292 266 cpro
304 202 386 267 epulis
398 205 575 256 consularibus
582 223 609 256 u.

88 267 176 320 Lxx.
188 273 255 322 Exin
272 273 308 322 Μ.
322 277 408 324 Annei
420 275 514 326 Lucani
533 279 628 328 caedam
642 279 760 344 imperat.
775 282 812 344 Ia,
830 286 973 348 profluente

54 345 194 408 sanguine,
206 347 251 396 ubi
260 347 393 412 frigescere
401 350 478 415 pedes
488 367 626 416 manusque
633 385 641 410 ,
648 364 675 401 et
682 355 803 419 paulatim
812 357 844 404 ab
852 363 974 411 extremis

55 416 149 466 cedere
159 421 289 485 spiritum.
301 421 401 474 lervido
412 425 494 474 adhuc
505 438 531 475 et
540 441 659 493 compote
670 433 763 478 mentia
771 435 973 496 pectore‚itrtel·

55 489 134 558 ligit3
146 493 402 546 reeordatuacarmeu
412 497 426 548 ir
438 515 464 548 se
477 501 651 566 compositum
660 518 725 567 ,quo
733 505 893 556 vulneratum
904 507 975 555 mili-

57 575 133 624 tem,
149 581 195 631 per
211 567 336 630 ejusmodi
347 572 445 632 'martia
460 572 597 639 imaginem
611 576 705 624 obiisse
720 577 874 635 tradiderat,
887 597 975 633 versus

57 638 129 704 ipaoa
144 641 252 690 retulit:
267 658 345 708 eaque
363 645 401 694 itii
418 661 537 711 auprema
552 663 603 695 voa
624 649 680 698 luit.
697 649 803 699 Senecio
814 652 935 718 posthac,
947 665 974 704 et

58 713 241 778 Quinctianua,
257 727 282 764 et
291 717 424 778 Scevinua,
435 735 486 768 non
497 735 528 768 ea
539 723 623 785 priore
634 725 692 772 vite
703 726 826 781 mettius.
841 739 902 776 mox
911 727 982 778 reli·.

57 788 103 852 qui
115 787 308 852 conjuratorum
320 791 431 856 periere,
443 792 515 842 nullo
525 792 592 847 iacto
602 795 703 846 dictove
715 798 891 849 memorando.

90 861 188 911 LXXI.
201 861 250 912 Sed
260 862 383 930 compleri
393 865 496 914 interim
508 866 569 914 urba
579 865 724 933 funeribus,
736 873 889 937 Capitolium
900 872 974 923 victi·

58 935 110 984 mis
121 953 127 982 ι
141 935 203 984 alius
214 937 265 986 filio
274 973 280 998 ‚
288 935 364 986 fratre
370 939 448 996 alius,
459 949 503 988 aut
513 939 723 1005 propinquarent
733 946 815 993 amieo
825 943 985 1010 inter-lectu,-

58 1023 136 1074 agere
147 1021 229 1074 grates
240 1010 306 1071 deis,
320 1027 408 1060 ornare
420 1011 494 1068 lauru
506 1011 626 1074 domum,
639 1031 720 1081 genua
732 1017 811 1084 ipsius
822 1017 938 1079 advolvi,
947 1031 975 1070 et

60 1080 177 1138 dextram
188 1085 282 1135 osculis
290 1084 404 1150 fatigare.
417 1082 501 1150 Atque
514 1087 558 1136 ille
567 1089 689 1154 gaudium
700 1090 726 1138 id
738 1092 856 1156 credeua,
866 1093 973 1143 Antonii

58 1154 158 1226 Natalia
172 1169 198 1206 et
210 1157 320 1207 Cervarii
335 1157 436 1206 Proculi
448 1157 565 1210 festinata
580 1160 674 1212 indicia
688 1164 974 1231 impunitate‘remunc·

56 1239 147 1278 ratur:
164 1231 297 1294 Milichus,
313 1231 420 1299 praemiis
440 1230 554 1293 ditatus.
575 1236 783 1292 Conservatoris
796 1242 845 1290 aihi
859 1259 969 1307 nomen,

59 1301 149 1352 Graeco
167 1305 220 1368 ejus
233 1307 274 1368 ¹rei
288 1301 429 1364 vocobulo'¹
444 1305 594 1372 adartmpait.
607 1292 628 1357 Il
641 1311 750 1360 tribunis
766 1315 877 1364 Granius
889 1315 971 1363 Silva·

55 1392 105 1425 nua
113 1413 120 1436 ,
129 1380 244 1441 quamvis
254 1380 385 1430 absolutus
395 1415 401 1438 ‚
412 1378 458 1428 aui
468 1395 546 1428 manu
555 1380 648 1430 cecidit
659 1399 665 1428 ε
675 1383 769 1433 Statim
781 1387 914 1436 Proximus
925 1404 971 1437 re·

57 1449 143 1510 umus,
157 1468 232 1514 quam
244 1453 275 1502 ab
291 1453 445 1517 imperatore
462 1463 610 1518 acceperat,
625 1451 737 1502 vanitate
754 1455 836 1506 exitiis
846 1459 971 1523 corrupit·

57 1520 149 1586 Exsuti
163 1523 255 1574 dehinc
267 1526 397 1580 tribunatu
409 1525 561 1591 Pompeiua,
574 1526 706 1582 Cornelius
716 1527 843 1578 Martialia
851 1564 858 1586 ,
867 1529 971 1580 Flavius

57 1595 257 1660 Nepoa,Statius
267 1589 395 1648 Domitius
401 1633 409 1658 ,
419 1599 511 1662 aquati
521 1599 662 1664 principem
674 1615 725 1648 non
734 1599 837 1663 quidem
846 1601 973 1662 odissent,

58 1669 104 1721 aed
114 1683 199 1738 tamen
210 1675 445 1726 existimarenturu.
454 1671 479 1722 N
481 1675 541 1722 onio
550 1671 648 1735 Prisco,
657 1689 702 1739 per
712 1676 851 1724 amicitiam
859 1675 971 1738 Seneca,

59 1755 88 1794 et
105 1745 187 1798 Glitio
203 1746 295 1805 Gallo,
311 1759 386 1810 atque
401 1744 487 1796 Annio
506 1748 633 1806 Pollioni,
647 1746 773 1798 infamatis
788 1750 883 1815 magia,
894 1747 971 1813 qulam

58 1822 200 1882 convictis,
213 1821 270 1872 data
283 1823 379 1872 exsilis.
392 1822 507 1872 Priscum
517 1822 630 1872 Antonia
645 1825 763 1874 Flaccilla
777 1827 870 1887 coniux
886 1825 972 1873 comi-

50 1897 112 1944 tata
130 1907 186 1944 eat:
203 1896 306 1944 Gallum
325 1896 431 1962 Egnatia
446 1898 605 1960 Maximilla,
622 1900 721 1962 magnis
736 1896 847 1964 primitur
862 1910 889 1946 et
902 1899 972 1946 inte-

58 1970 112 2034 gris
120 1970 212 2035 opibus
222 2005 227 2026 ‚
237 1973 297 2036 piat
307 1969 432 2036 ademptis
443 1989 449 2021 :
462 1989 516 2036 qua
525 1987 632 2038 utroque
640 1974 747 2039 gloriam
758 1976 793 2022 cia
805 1973 906 2022 auxere.
916 1971 973 2022 Pel·
1040 1994 1047 1998 ·

58 2043 125 2098 litut
137 2055 163 2093 et
175 2042 261 2094 liuliua
274 2045 407 2110 Crispiana
418 2047 550 2105 occasione
560 2049 756 2111 coniurationia,
767 2047 813 2097 sed
823 2047 919 2097 Neroni
928 2047 972 2096 iu·

57 2117 143 2174 visua,
153 2117 222 2182 quod
233 2117 498 2184 l'oppaeamquoudaru
505 2123 673 2171 *matrimonio
684 2132 811 2172 tenuerat.
820 2122 970 2184 Verginium

59 2203 88 2241 at
99 2191 194 2249 Rufum
206 2193 333 2249 claritudo
345 2196 455 2250 neminie
466 2198 575 2262 expulit.
585 2197 652 2246 Nam
663 2198 799 2261 Verginius
807 2197 892 2247 studia
902 2197 975 2258 jave-

56 2285 122 2318 num
140 2271 298 2336 eloquentii,
312 2271 447 2328 Musonius
460 2273 594 2340 preceptis
604 2274 736 2340 'sapientiae
749 2271 862 2323 larebat.
881 2272 970 2322 Cluvi·

59 2341 136 2392 (lieno
148 2343 241 2410 Quieto
250 2383 255 2401 ,
264 2346 332 2395 lolio
344 2345 478 2413 Agrippa,
490 2347 569 2396 Blitio
582 2349 715 2404 Catulino,
726 2346 848 2395 Petronio
864 2345 952 2394 Prisco
961 2356 975 2409 ,'

60 2415 129 2466 lulio
141 2416 243 2478 Altino,
257 2421 328 2470 velut
345 2419 372 2470 iu
391 2437 481 2486 agmen
492 2433 520 2470 ,et
531 2437 684 2478 numerum,
698 2421 774 2483 AEgai
792 2420 870 2468 maris
885 2421 975 2469 insulsa

59 2493 254 2556 permittuntur.
266 2495 300 2544 Ar
313 2494 431 2552 cadicio,
452 2511 517 2544 uxor
530 2494 648 2552 Semini,
664 2506 691 2542 et
707 2491 832 2555 Caesoniua
847 2493 977 2542 Maximus

59 2563 136 2614 Italii
144 2565 325 2632 prohihentur,
341 2584 397 2618 reos
407 2565 484 2620 luisse
495 2583 539 2628 se,
555 2565 656 2618 tantiun
670 2566 744 2632 poeni
757 2567 864 2632 experti.
876 2566 970 2632 Atilia,

8 2669 11 2676 ·
60 2639 792 2708 materAnnaei-Lucani,sineabsolutione‚sineaupplicio
802 2639 972 2691 dissimulata.

60 2733 62 2745 ’
93 2713 202 2764 Lxxli.
213 2715 312 2776 Quibus
323 2717 472 2782 perpetratis
481 2715 550 2764 Nero
561 2717 736 2778 ,etconciona
749 2715 860 2764 rnilitum
870 2715 972 2778 hahita,

59 2789 120 2838 bina
136 2789 271 2840 nummaim
287 2791 367 2840 millia
383 2791 481 2843 viritim
498 2790 700 2855 manipularibus
709 2789 811 2847 aliviait,
823 2789 973 2856 addiditque

59 2865 115 2912 sine
130 2864 211 2926 pretio
223 2863 391 2924 frumentum,
407 2881 458 2928 quo
470 2865 543 2923 aute,
555 2881 586 2912 ex
603 2863 682 2912 morlo
699 2881 802 2912 annonas
810 2900 817 2925 ,
825 2867 975 2915 utebantur.

59 2937 141 2996 Tum,
152 2927 297 3003 quasigeita
305 2939 560 3004 betloiexpostaurua,
571 2950 642 2988 vocat
649 2949 813 2999 aenatum,et
822 2937 974 3005 triumphale

61 3011 141 3060 decus
153 3010 272 3060 Petronio
284 3011 433 3078 ¹Turpiliano
442 3048 449 3072 ‚
459 3014 602 3075 consulari,
619 3013 728 3064 Cocceio
747 3014 852 3074 Nervae,
871 3011 975 3077 praetori

61 3084 211 3150 designato,
226 3083 368 3151 Tigellino.
378 3084 496 3152 praelecto
512 3087 641 3153 praetorii,
658 3088 763 3147 tribuit,
781 3088 936 3152 Tigellinum
948 3097 974 3136 et

61 3161 174 3210 Nervam
186 3159 219 3207 ita
230 3160 376 3217 extollens,
392 3172 436 3223 ut,
453 3177 528 3227 super
539 3161 706 3225 triumphalea
720 3161 748 3209 in
766 3159 821 3207 loro
834 3157 955 3222 imagiires
967 3197 976 3222 ‚

21 3267 26 3273 -
60 3229 131 3299 aputl
144 3231 264 3298 palatium
272 3247 372 3298 quoque
382 3231 476 3298 efligies
485 3249 574 3282 eornm
583 3234 700 3282 sisteret:
713 3232 854 3295 consularia
867 3230 975 3293 insignia

61 3305 235 3375 Nymphidio,
247 3305 280 3358 tle
288 3321 354 3372 qrto,
366 3307 427 3372 quia
437 3321 504 3355 nuuc
513 3301 628 3372 primum
637 3304 739 3356 oblatos
748 3314 891 3367 eat,paatca
899 3316 976 3368 repas
