2100 3709
60 43 108 83 112
246 75 251 82 ,
377 43 401 78 C.
419 41 513 79 COR!
533 39 649 81 rictus

57 127 128 187 telis,
139 139 185 174 ruo
194 137 299 188 quisque
307 123 443 188 periculo
436 136 563 184 intentus,
579 139 697 174 sonorem
706 121 813 174 'alterius
822 123 910 192 praelii
926 140 984 175 non

58 199 203 264 acciperet:
198 197 346 245 ··'tsnebrae
341 213 442 262 insuper
457 198 558 246 delectas
569 197 729 276 ,augendam
746 199 778 246 ad
793 199 981 248 formidinem.

58 273 110 320 Sed
122 291 165 336 qur
181 275 276 322 vallum
291 274 420 336 legionum
439 274 586 332 tentabant,
599 273 669 320 facile
680 260 826 338 pelluntur.
840 275 987 323 Thracum
1039 321 1040 326 ,

59 341 151 387 auxilia
158 339 309 404 ,repentino
320 341 420 386 incursu
433 339 519 386 territa
527 377 536 399 ,
546 355 624 402 quum
637 353 694 403 pars
705 340 895 388 munitionibus
906 341 988 403 ailia-

60 427 162 472 cerent,
178 416 264 478 plures
282 412 352 460 extri
372 413 538 475 palarentur,
557 412 627 460 tantb
647 413 771 462 infamiis
786 416 856 474 caesi,
875 415 987 477 quantit

44 542 50 551 ι
63 479 192 544 «perfuga
199 478 382 544 etprodimo,
391 477 455 526 serre
463 494 531 530 arma
539 478 572 527 ad
579 493 653 528 tuum
661 479 800 544 patriasque
808 478 989 541 servitium»,
1039 491 1040 548 ι

60 549 251 601 incusabantur.
1039 595 1040 622 ι

94 627 187 677 XLIX.
201 626 303 676 Postera
315 625 357 674 die
370 627 479 678 Sabinus
497 629 637 678 exercitum
652 644 722 692 aquo
736 627 793 677 loco
806 628 945 687 ostendit,
967 629 991 676 si
1039 631 1040 686 l

61 701 164 750 barbari
176 716 291 750 successu
302 703 385 750 noctis
396 704 503 760 alacres,
519 704 632 769 praelium
646 702 789 752 auderent:
803 715 829 750 et
839 715 989 768 postquam
1039 703 1040 756 i

62 776 187 836 Castello,
201 783 245 821 aut
259 771 402 836 coniunctis
420 777 526 824 tumulis
540 793 592 824 uon
605 774 827 839 ιὶιιιςιιιιίιιὶιιιιιιιιι·Ι
841 774 988 824 obse‘dium
1039 813 1040 840 3

61 853 137 914 eoepit
153 865 198 915 per
209 847 340 914 praesidia,
356 864 410 912 quar
422 849 566 915 opportune
578 851 628 912 jam
640 850 770 898 muniebat
785 867 791 896 ε
804 847 862 896 dein
879 848 987 898 fossam

62 923 216 988 loricamque
226 930 378 978 conterens}
391 936 500 986 quatuor
512 924 592 972 millia
603 939 722 988 passuum
732 923 831 972 ambitu
842 925 988 988 amplexus
1039 949 1040 966 ι

65 1009 123 1045 est:
137 1009 192 1046 tum
207 998 348 1062 paulatim.
359 1009 389 1046 nt
400 1014 491 1061 aquam
505 1000 677 1076 pabulumque
688 997 989 1064 eriperet,contrabere
1039 1061 1040 1064 Ἴ

65 1071 174 1118 claustra
182 1082 303 1134 ,artaque
318 1071 497 1121 circumdare:
511 1085 539 1121 et
554 1061 696 1122 struebatur
714 1087 803 1136 agger,
817 1069 883 1119 unde
900 1087 987 1126 saxa,
1039 1099 1040 1102 =

61 1142 151 1204 hastae,
171 1161 242 1209 ignes
255 1159 428 1211 propinquum
443 1165 494 1213 jam
510 1165 537 1196 ιιι
555 1147 677 1196 hostem
673 1150 821 1209 lacerentur.
842 1143 892 1192 Sed
913 1141 988 1193 nihil
1039 1155 1040 1184 ι

62 1216 145 1279 aequb,
149 1217 311 1281 qrrameitis.
322 1201 646 1285 fatigabat‚quumrrrgens
658 1217 794 1268 multitudo
806 1217 987 1274 bellatorum,
1039 1263 1040 1286 ἶ

63 1290 217 1359 imbellium.
232 1291 393 1356 unorequno
402 1293 472 1343 fonte
482 1305 622 1344 uterentur
633 1294 712 1341 Srrnul
725 1309 796 1355 equi
806 1301 943 1346 armenta,
955 1301 988 1338 ut
1039 1319 1040 1336 ι

61 1353 118 1411 mos
131 1364 242 1414 barbaris
252 1401 259 1423 ,
271 1364 343 1428 juxti
358 1367 459 1426 clausa,
473 1379 583 1432 egritate
595 1367 683 1434 pabuli
693 1364 831 1414 exanimari
843 1381 848 1410 :
860 1362 988 1426 adjacere
1039 1395 1040 1406 .

62 1451 169 1503 corpora
181 1438 332 1500 hominum,
347 1434 411 1505 qima
422 1443 551 1510 uulnera,
567 1455 630 1505 quos
648 1441 701 1490 sitia
718 1449 877 1506 peremerat:
891 1437 986 1502 pollui
1039 1469 1040 1504 1

61 1523 154 1561 cuncta
163 1514 243 1579 sanie,
255 1513 348 1570 odore,
363 1526 490 1563 contactu.
507 1515 640 1575 Rebusque
650 1513 757 1561 turbatis
766 1547 772 1568 ‚
781 1513 878 1564 malum
886 1522 987 1560 extre·

62 1601 136 1636 mum
150 1588 276 1637 discordia
289 1589 411 1647 accessit3
429 1589 469 1635 his
484 1587 657 1643 deditionem,
672 1585 729 1630 aliis
742 1597 851 1632 mortem
859 1621 867 1645 ,
877 1597 902 1634 et
915 1601 984 1634 mu·
1039 1587 1040 1642 Ῐ

62 1669 122 1708 tuos
136 1664 203 1710 inter
212 1678 238 1710 se
253 1664 318 1708 ictus
331 1659 477 1721 parantibus
488 1672 494 1700 :
505 1667 531 1701 et
544 1665 628 1709 erant,
645 1654 689 1715 qui
706 1671 719 1702 ιι
729 1671 778 1702 non
795 1657 904 1706 inultum
922 1660 986 1708 exi·

61 1733 144 1790 tium,
161 1731 206 1780 sed
223 1731 404 1794 eruptionem»
422 1725 575 1786 suaderent,
592 1741 676 1791 neque
694 1727 835 1796 ignpbilea,
857 1732 985 1794 quamvis
1039 1739 1040 1772 3

62 1801 158 1852 diversi
176 1803 319 1851 sententiis.
642 1819 664 1849 aa

95 1878 126 1926 L.
138 1876 255 1926 Verirme
265 1874 384 1934 ducibus,
396 1872 720 1937 Dintsprovecrursenscrt
729 1886 769 1933 ,et
777 1875 854 1942 longo
864 1892 914 1927 usu
923 1881 983 1931 vim
1039 1869 1040 1932 i

63 1963 138 2016 atque
159 1950 319 1998 elementiam
338 1949 479 1995 Romanam
494 1944 616 2004 edoctus,
634 1948 773 2013 «ponenda
790 1967 873 2012 arma,
891 1969 982 2003 unum

63 2025 171 2072 adflictis
181 2023 207 2069 id
219 2019 397 2083 remedium,
411 2019 560 2071 disserebat.
568 2021 751 2087 Primusquese
761 2039 819 2072 curn
831 2025 939 2089 coniuge
952 2038 982 2076 et

60 2097 149 2145 liberis
164 2095 255 2143 victori
263 2095 380 2160 permisit
390 2112 395 2141 :
406 2098 485 2144 secuti
495 2106 567 2143 aetate
578 2107 621 2144 aut
631 2113 692 2146 sexu
701 2098 836 2158 imbecilli,
846 2101 981 2162 atquibus

62 2169 143 2233 major
153 2169 211 2218 vitae
222 2166 298 2231 quim
307 2169 390 2236 gloriar
400 2169 503 2236 cupido.
513 2169 675 2232 Atiuventus
687 2169 793 2219 Tarsam
803 2174 869 2220 inter
880 2185 907 2222 et
916 2173 979 2222 Τιι-

62 2243 141 2290 resim
151 2240 337 2290 distrahebatur
349 2259 355 2290 :
368 2245 467 2307 utrique
477 2241 633 2292 destinatum
643 2261 704 2294 cum
714 2245 833 2296 libertate
843 2245 959 2294 occidere
969 2263 976 2292 :

64 2313 109 2363 sed
118 2317 193 2363 Tarsa
205 2333 220 2363 ι(
228 2331 366 2380 properum
373 2316 447 2363 tinem
457 2353 464 2378 ‚
473 2317 659 2382 abrumpendas
669 2320 763 2384 pariter
771 2335 828 2384 spes
836 2329 865 2368 ac
874 2331 978 2368 metuar>
1039 2345 1040 2352 ι

62 2387 195 2436 clamitans
200 2424 208 2447 ,
219 2387 291 2451 dedit
301 2391 462 2456 exemplum,
473 2390 583 2440 demisso
593 2392 619 2440 in
626 2391 802 2458 pectusferro:
813 2409 859 2442 nec
870 2391 978 2450 deluere

61 2462 103 2524 qui
115 2459 205 2511 eodem
216 2463 293 2512 modo
306 2463 581 2530 oppeterent.,Turesis
592 2463 636 2512 sui
647 2481 705 2518 cum
718 2481 794 2513 manu
811 2477 913 2515 noctem
924 2484 978 2534 op·
1039 2477 1040 2534 ξ

61 2537 160 2601 peritur
169 2574 175 2594 ‚
185 2537 252 2585 haud
261 2539 346 2588 nescio
356 2538 419 2586 duce
429 2549 526 2586 nostro.
537 2537 619 2601 Igitur
628 2538 730 2586 firmatae
740 2540 860 2600 stationes
870 2539 977 2590 densio-
1039 2559 1040 2594 1

62 2610 136 2659 ribus
148 2611 230 2674 globis
246 2623 289 2659 :et
304 2614 437 2675 ingruebat
447 2629 499 2658 nox
510 2611 599 2659 nimbo
614 2623 700 2670 atrox,
718 2611 848 2676 hostisque
861 2615 977 2663 clamore

62 2681 178 2740 turbido,
192 2683 269 2730 modi>
280 2699 325 2746 psr
336 2695 434 2732 vastum
446 2682 589 2744 silentium,
602 2685 715 2736 incertos
725 2685 869 2735 obsessores
881 2689 976 2737 effece-

64 2767 105 2804 rat
115 2771 122 2804 :
132 2771 214 2818 quum
226 2753 334 2802 Sabinus
343 2755 473 2803 circumire
483 2790 489 2808 .
501 2754 614 2813 hortari,
627 2775 681 2806 nne
693 2759 724 2806 ad
737 2759 852 2824 ambigua
863 2761 977 2824 sonitus,
1039 2807 1040 2814 ,

64 2841 108 2878 aut
121 2828 308 2876 simulationem
316 2827 423 2890 niteris,
440 2843 527 2891 casum
536 2827 712 2880 insidiantibus
724 2844 865 2896 aperirent
874 2835 920 2882 sed
931 2853 976 2886 sua

64 2905 171 2968 quisque
182 2904 267 2952 munia
278 2914 410 2952 servarent
420 2899 519 2950 immoti
525 2905 652 2968 ‚telisque
663 2923 715 2954 uon
730 2907 755 2954 in
768 2901 873 2956 falsum
868 2911 938 2974 jactis
948 2928 974 2960 u.
981 2917 1040 2946 ¹⁶

96 2975 140 3024 LI.
152 2973 251 3028 lateret
262 2977 362 3027 barban
372 2982 479 3029 catervis
489 2979 665 3036 decurrentes
681 2995 748 3038 nunc
760 2981 787 3030 iu
804 2983 899 3032 vallum
917 3001 978 3032 mn

65 3049 149 3099 unalia
157 3065 225 3112 sara,
233 3062 351 3115 praeustas
360 3050 450 3112 sudes,
462 3052 547 3102 decisa
558 3045 663 3102 robora'
657 3068 754 3116 iacere:
767 3071 834 3106 nunc
845 3057 976 3120 uirgultis,

64 3133 90 3170 et
106 3121 230 3181 cratibus,
248 3124 439 3187 tricorporibus
456 3125 599 3185 exanimis,
617 3129 743 3190 complere
763 3128 841 3178 fossas
853 3149 858 3178 ε
871 3131 975 3194 quidam
1039 3131 1040 3134 ¹

63 3207 154 3260 pontes
163 3207 189 3243 ct
197 3199 276 3246 scalas
284 3198 342 3246 ante
351 3197 481 3261 fabricati,
490 3201 582 3250 inserte
594 3203 800 3266 propugnaculis,
812 3219 889 3270 eaque
898 3221 974 3270 pren·

63 3286 135 3333 sare,
147 3270 277 3336 detrahere
284 3301 292 3339 ,
304 3285 330 3353 et
340 3273 739 3351 sdrfferausrerpstqntescomtnus
751 3280 800 3335 niti
811 3297 817 3331 ι
829 3280 900 3333 miles
909 3296 982 3351 cona*
1039 3337 1040 3344 ,
