2100 3709
100 99 133 149 :lo
219 124 224 131 ι
307 84 309 89 ’
416 106 691 149 o.-cott1t.rtorr1

104 190 276 279 complerent3
284 180 352 255 npud
361 187 488 241 Romanos
496 188 702 256 invalidique,
696 199 936 255 interruptaeroses
942 200 1039 254 atque

104 266 154 352 ipsi
165 266 256 331 passim
272 263 414 327 adjacerent
428 266 509 323 vallo,
519 266 666 313 oberrarent
679 265 809 324 tentoriis,
821 266 954 314 insomnes
962 282 1039 326 ma

104 338 386 407 gisqudmpervigiles.
400 332 816 406 Βιοώιφιειειιιιὶιᾶὶιιιφιίιι.
825 357 885 389 narn
895 337 1039 405 Quincti·.

102 421 169 469 lium
177 418 272 477 Vsrum
281 418 401 482 sanguine
412 420 531 485 oblitum,
541 430 567 468 et
572 418 709 483 paludibus
718 434 856 480 ernersnm,
866 436 920 468 non
934 431 1039 469 tamem

105 508 208 543 cernere
218 502 244 539 et
252 490 339 540 audire
352 494 420 542 risus
431 506 483 553 est,
493 494 565 543 velut
573 505 708 542 rosentem
717 492 869 552 obsecutus,
877 505 905 542 et
914 506 1039 541 manum,

105 566 260 619 intendentis
268 562 401 655 repulisse.
413 567 499 633 Coepti
508 569 581 632 luce,
589 560 674 615 'missa
684 566 711 613 in
720 566 800 615 latera
811 567 1012 631 legionesmetu
1024 597 1038 619 ,

106 658 139 691 sn
150 638 323 696 contumacis
333 638 419 689 locum
428 641 578 691 deseruere·
572 652 667 707 cepto
676 639 784 705 propere
794 656 898 705 campo
909 639 1039 687 humen·

106 715 143 763 tis
154 713 229 764 ultius
241 711 331 797 Neque
341 726 425 763 tamen
436 715 579 778 Arminius,
595 714 842 779 quenquamlibero
837 728 959 770 mcursn,
971 722 1039 759 ειν.

105 788 155 845 tim
162 786 295 875 prorupit:
308 777 359 833 sed
362 799 391 836 ιιι
402 787 493 838 interere
502 805 573 837 coeno
582 786 706 852 fossisque
715 785 915 853 impedimenta,
925 782 1039 836 turbati

107 858 204 908 circium
217 860 351 922 milites,'
345 873 454 911 incertus
468 864 598 927 signorum
608 860 673 910 ordo
680 871 779 923 ,utque
792 860 854 908 tali‘
849 877 874 907 ιιι
882 841 1011 944 ⁸tempore
1023 890 1036 914 ‚

75 986 77 989 ,
109 932 279 995 sibiquisque,
287 948 418 998 properus,
426 932 865 999 etlentaeadrersirmimperiaaures
868 932 1039 997 ‚irrumpere

108 1004 250 1053 Germanos
262 1004 347 1071 jubet,
363 1008 510 1058 clamitans:
529 1027 544 1057 tt
553 1007 592 1057 En
604 1008 702 1063 Varus,
717 1018 744 1055 et
756 1005 868 1067 eodem
861 1005 959 1054 iteritm
975 1002 1039 1053 fato

108 1080 180 1127 victe
189 1077 321 1143 legionetn
330 1082 336 1131 ¹.
352 1082 432 1131 Simul
441 1081 506 1142 ltre'c,
516 1093 542 1130 et
549 1097 608 1129 cum
616 1080 722 1129 deiectis
730 1079 823 1129 scindit
831 1072 936 1145 agmen,
943 1078 1039 1140 equis-

110 1169 160 1215 que
169 1153 278 1203 maximi
288 1154 391 1205 vulnera
403 1155 495 1219 ingerit
507 1173 512 1203 :
526 1154 564 1203 iili
573 1156 695 1220 sanguine
703 1170 749 1202 suo
757 1166 784 1203 et
790 1152 889 1201 lubrico
902 1150 1039 1217 palridum

108 1225 250 1289 lapsantes,
264 1229 373 1277 excussis
387 1229 542 1286 rectoribus,
554 1227 673 1293 disjicere
685 1226 789 1283 obvios,
799 1236 930 1292 proterere
941 1223 1039 1289 jacen-e

109 1308 150 1347 tes
163 1315 169 1347 ε
184 1301 310 1365 plurimus
324 1303 390 1351 circa
405 1303 501 1367 aquilas
516 1302 598 1362 labor,
613 1319 668 1367 quae
677 1318 758 1365 neque
768 1300 902 1352 adversum
913 1296 979 1347 ferri
990 1298 1039 1345 in-

111 1375 228 1436 gruentia
250 1377 315 1435 tels,
332 1393 413 1443 neque
431 1378 475 1443 figi
495 1376 587 1427 limosi
604 1376 683 1426 humo
696 1386 824 1442 poterunt.
846 1373 944 1421 cecina
967 1370 1039 1419 dum

112 1459 238 1499 sustentat
246 1451 341 1509 eciem,
352 1450 455 1502 fuliosso
465 1470 531 1535 equo
542 1450 659 1515 delapsus
668 1443 960 1505 circumveniebatur,
932 1464 962 1495 ιιι
971 1462 1003 1511 pr
1005 1463 1038 1491 1-

112 1536 156 1571 ms
169 1521 235 1587 legio
249 1541 301 1574 sese
312 1528 490 1607 opposuisset:
504 1525 570 1581 juvit
584 1522 697 1566 hostiurn
709 1520 829 1582 aviditas,
843 1519 936 1569 omissi
945 1517 1024 1567 caede
1028 1554 1039 1576 ,

113 1595 278 1659 praedsmsect
283 1598 394 1643 antium:
402 1589 917 1657 enrsaequelegtoues,tesperascentedre‚
911 1602 1039 1659 inoperta

115 1666 246 1716 etsolids:
259 1681 340 1729 neque
354 1680 375 1711 rs
384 1661 621 1723 miseriarumfinrs
632 1661 784 1712 struendum
791 1664 1034 1732 vallum,petendus

115 1752 191 1801 egger
204 1754 210 1784 ι
222 1734 415 1799 amissamagnb
425 1744 548 1799 exparte,
559 1735 892 1801 perquaeegertturbumus,
904 1741 1034 1788 autexci·

117 1810 188 1858 ditur
198 1825 284 1875 cespes
295 1825 363 1861 :non
373 1808 481 1857 tentoria
489 1807 640 1873 manipulis,
649 1806 820 1857 nonfomenta
827 1811 919 1859 sauciis
928 1830 935 1861 s
948 1812 1035 1862 inlec-

59 1876 65 1911 ¹,
118 1894 160 1933 tos
175 1898 246 1931 coeno
257 1886 306 1933 aut
317 1898 406 1931 cruore
422 1881 492 1931 cibos
508 1880 667 1940 dividentes,
682 1883 795 1932 funestas
809 1885 940 1944 tenebras,
953 1899 981 1936 et
994 1897 1035 1935 tot

118 1957 255 2019 bominum
265 1956 379 2005 millibus
392 1973 408 2005 u
429 1972 472 2005 um
479 1954 534 2020 ism
545 1954 671 2019 reliquum
681 1954 750 2005 diem
760 1957 978 2007 lamentabantur.

50 2032 53 2041 ¹
109 2080 112 2085 ,
153 2029 385 2094 vat.tt0rttequ
439 2030 788 2095 bruptisrinculisvagus,et
796 2034 906 2080 elamore
914 2032 1034 2097 territus

121 2103 247 2169 quosdam
264 2104 452 2153 occurrentium
465 2102 634 2156 obturbarit·
627 2116 715 2154 ·tants
725 2102 784 2153 iude
796 2106 985 2165 consternatio,
999 2106 1038 2153 ir·

121 2177 221 2243 rupisse
234 2178 377 2229 Germanos
386 2176 558 2236 credentium,
571 2191 600 2227 ut
611 2179 696 2230 cuncti
705 2191 808 2228 ruerent
816 2179 848 2227 ad
858 2190 959 2245 portas,
970 2196 1038 2242 qua-

121 2266 181 2299 rum
192 2252 339 2301 Decumana
352 2250 464 2301 maxime
478 2252 623 2318 petebatur,
639 2267 727 2299 aversa
740 2250 825 2312 hosti,
839 2262 866 2301 et
878 2241 1039 2317 fugientibus

120 2326 211 2373 tutior.
227 2320 339 2384 (lasciuit,
354 2336 485 2389 comperto
497 2340 588 2372 vanam
602 2322 845 2383 esselormrdmem
859 2340 940 2389 quum
950 2327 1039 2384 ιιιιιιιιι

122 2411 205 2461 neque
221 2402 370 2449 auctoritate
378 2435 385 2459 ,
400 2414 482 2463 neque
494 2398 628 2464 precibus,
643 2413 676 2445 ne
687 2414 764 2446 manu
776 2398 880 2463 quidem
894 2395 1038 2457 obsistere,

125 2474 397 2523 sutretineremilitem
406 2474 504 2539 quiret,
514 2469 862 2538 projectusinliminsportae,
875 2472 1039 2520 miseratione

127 2546 231 2595 demum
239 2585 246 2607 ,
259 2544 317 2612 quia
328 2564 374 2611 per
383 2562 475 2609 corpus
484 2546 561 2605 legati
572 2544 684 2590 eundum
693 2553 761 2603 eret,
772 2544 863 2591 clausit
872 2544 939 2594 riom
946 2562 952 2594 r
960 2544 1038 2595 simul

127 2620 224 2666 tribuni
236 2632 262 2665 et
271 2618 432 2665 centuriones
441 2615 533 2663 salsum
544 2630 663 2679 pavorem
673 2616 825 2665 docuerunt.
899 2639 902 2644 ⁴

161 2688 267 2741 LXVII.
283 2688 357 2739 Tunc
368 2699 512 2739 contractos
521 2688 546 2733 in
559 2688 699 2755 principia,
711 2690 851 2755 iussosque,
863 2689 930 2739 dicte
943 2708 1000 2742 cum
1008 2695 1039 2741 fi·

128 2766 210 2815 lentio
221 2764 349 2830 accipere,
362 2762 524 2828 temporisne
536 2765 692 2813 necessitatis
701 2776 788 2813 monet
799 2781 806 2813 z
817 2763 922 2834 «Unam
930 2768 955 2814 in
963 2768 1039 2816 armis

121 2841 240 2901 ,salutem
254 2859 260 2887 z
274 2839 318 2889 ssd
331 2856 360 2888 ea
372 2839 482 2887 concilio
497 2839 660 2904 temperanda
668 2876 676 2904 ,
690 2838 896 2903 manendumque
906 2838 970 2889 intra
983 2844 1039 2893 vah

121 2912 200 2983 ium,
212 2912 296 2961 donec.
301 2911 461 2979 expugnandi
470 2911 557 2961 hostes
568 2924 611 2979 spe
621 2914 725 2981 propiris
735 2912 913 2969 succederent,
922 2931 980 2963 mor
993 2933 1039 2963 on-

131 2984 207 3051 dique
224 2985 409 3053 erumpendum
424 3004 431 3034 t
444 2985 486 3035 itta
497 2990 632 3053 eruptione
644 2988 676 3041 ad
690 2987 808 3038 Rhenum
818 2988 946 3052 'perveniri
957 3006 963 3036 t
973 2988 1038 3053 qubd

121 3060 156 3119 ¹si
165 3061 280 3127 sugerent
285 3100 293 3123 ,
304 3060 382 3126 pluris
391 3060 480 3118 silvas,
490 3062 629 3127 profundas
635 3065 715 3129 magis
722 3062 841 3130 paludes,
851 3060 970 3109 sevitiam
977 3064 1038 3111 bos-

127 3134 198 3203 ¹tium
207 3151 349 3202 superesse,
359 3146 384 3183 at
391 3135 532 3183 victoribus
542 3135 630 3198 decus,
641 3138 762 3204 gloriam:
772 3151 827 3201 qnae
836 3133 907 3181 domi
916 3150 1039 3200 caraque

135 3208 163 3257 in
176 3210 263 3261 castris
275 3209 410 3270 honestas,
420 3222 546 3259 memorat
554 3228 559 3259 ι
568 3213 671 3261 reticuit
677 3211 709 3279 ds
718 3208 842 3259 adversis.
850 3205 935 3269 Equos
943 3207 1039 3270 debinc,

136 3298 209 3331 orsus
220 3280 233 3330 it
244 3284 307 3345 suis,
321 3283 461 3349 legatorum
476 3284 702 3351 tribunorumque.
714 3282 789 3348 nulli<
798 3280 950 3343 ambitione,
959 3279 1039 3329 fortis-

134 3351 1038 3437 simocuiqusbsuaporitatdit3utbi‚moxpede's,iuhosteminrrdsrentr
