2100 3709
258 90 494 135 rrrsroarsrturr
513 97 579 134 nra.
597 69 664 133 ιι(
719 128 724 138 ,
832 61 833 66 ¹
855 88 905 162 429

11 172 124 239 orrumpi
141 172 240 233 facilis,
255 172 318 223 adeo
338 186 454 225 metuens
472 178 576 227 incerta.
591 176 673 243 Igitur
682 178 829 240 Mucianus,
847 184 906 246 quia

11 250 127 321 ·ropalam
137 251 248 317 opprimi
263 250 389 299 Antonius
400 254 537 318 nequibat,
550 254 638 303 multis
651 254 776 305 in‘senatu
788 258 907 307 laudibus
926 275 930 279 ’

12 323 153 373 amuletum
172 325 274 373 secretis
294 325 426 391 promissis
440 339 541 385 onerat,
555 328 721 379 «citeriorem
736 330 882 417 Hispaniam
891 349 907 381 ιι

11 407 143 458 mentam,
156 396 294 448 «discessu
310 399 395 448 Cluvii
411 400 468 461 Rufi
488 418 635 451 vacuamu:
647 404 723 452 simul
739 406 825 453 amicis
836 407 908 469 ejus,

13 470 145 521 ribunatus
156 472 364 537 praefecturasque
374 471 491 559 largitur..
501 475 582 540 Dein,
595 478 748 542 postquam'
742 495 842 525 manem
853 480 910 527 ani·

10 560 70 592 num
80 562 124 610 spe
134 556 159 594 et
167 545 283 612 cupidine
296 546 486 629 impleverat,
465 562 529 597 vrres
537 541 640 609 abolet,
653 547 775 597 dimissa¹
769 568 795 597 ιιι
805 550 911 601 hiberna

11 618 103 680 egions
121 618 245 685 septimi,
266 634 337 684 cutus
350 620 584 693 flagrantissimus
574 640 605 679 -ιιι
622 621 764 673 Antonium
778 638 859 674 amor
877 627 912 679 Et

11 692 80 740 tertia
68 693 169 759 legio,
181 694 311 743 familiaris
322 684 396 744 Arrio
404 696 474 745 Varo
485 696 588 756 miles,
582 715 609 746 ιιι
617 697 713 765 Syriam
722 697 835 747 remissa.
846 698 909 748 Pars
930 702 933 705 ’

11 768 124 817 exercitiis
133 770 159 817 in
171 768 318 819 Germanias
328 769 476 833 ducebatur.
484 770 524 819 Sic
532 783 627 856 egerito,
635 769 761 841 quidquid
769 770 912 833 turbidum,

11 838 67 888 edit
84 842 141 890 urbi
156 860 201 892 sua
213 844 307 903 forma,
324 842 455 910 legesque,
469 856 495 893 et
512 846 600 894 munia
611 846 812 910 magistratuum.

28 914 86 964 XL
105 915 163 975 Quo
176 916 216 967 dre
226 930 342 968 senatum
353 933 482 983 rngressus
494 928 534 967 est
543 915 718 976 Domruanus
731 918 787 967 nde
797 917 913 970 absentat
949 950 957 964 .-

11 992 79 1043 ratris
96 988 246 1059 fratrisque,
264 1008 292 1041 so
307 992 409 1055 juventi
427 993 471 1042 sua
482 1010 509 1050 ι,
522 1008 603 1058 pauca
620 1005 646 1041 et
661 992 762 1042 modica
778 991 913 1056 disseruit,

11 1066 106 1117 leoorus
122 1064 225 1131 habitu3
239 1078 268 1115 et
280 1066 374 1131 ignotis
390 1064 473 1115 adhuc
488 1065 620 1123 moribus,
632 1067 718 1116 erebra
734 1066 786 1116 oris
797 1066 913 1117 conlusio

11 1158 44 1191 ιιο
58 1136 184 1187 modestia
200 1140 380 1207 accipiebatur.
401 1137 535 1191 Referente
552 1139 659 1205 essars,
680 1139 734 1190 etde
751 1142 913 1193 restituendis

11 1216 85 1265 {albae
100 1211 278 1274 honoribusu,
291 1214 389 1262 censuit
397 1213 499 1263 Curtius
512 1213 666 1271 Montanus,
679 1231 694 1262 ιι
703 1226 732 1261 ut
740 1211 839 1263 Pisonis
851 1232 914 1279 quo-

11 1306 45 1353 que
58 1286 183 1337 memoria
194 1288 367 1337 celebraretur
376 1305 402 1337 ιι.
411 1288 499 1337 Patres
509 1299 646 1351 utrumque
656 1287 750 1351 jussere
762 1305 768 1335 :
780 1286 811 1335 de
823 1286 914 1339 Pisone

11 1352 100 1411 tritum
108 1360 165 1410 fuit.
176 1360 244 1411 Tum
254 1374 322 1412 sorte
332 1360 401 1410 ducti
407 1398 414 1422 ,
427 1378 493 1427 «per
502 1378 566 1425 quos
577 1360 745 1411 redderentur
754 1361 822 1410 bello
833 1375 916 1429 rapta,

11 1426 93 1501 [nique
106 1451 154 1481 asra
165 1433 250 1499 legum
259 1471 266 1495 ,
275 1446 406 1492 vetustate
422 1436 535 1502 dilapsa,
548 1432 697 1495 noscerent,
709 1436 878 1502 figerentque,
890 1446 917 1485 et

11 1508 107 1567 laetos,
121 1506 267 1559 adulatione
281 1512 425 1575 temporum
437 1508 562 1569 foedatos,
574 1516 751 1566 exonerarent,
761 1507 916 1572 modumque
968 1569 972 1574 ι

11 1578 142 1631 sublicis'
127 1584 250 1667 impensis
264 1582 416 1638 facerent».
431 1583 557 1633 Redditur
574 1582 662 1632 Tertio
677 1582 779 1631 Juliauo
797 1592 915 1647 praetnra,

11 1668 136 1720 mstquam
151 1657 268 1721 cognitus
282 1668 320 1707 est
334 1656 367 1705 ad
379 1656 564 1743 Vespasianum
585 1657 736 1723 confugisse.
752 1654 851 1721 Gripho
864 1652 916 1702 bo-

11 1746 47 1779 sor
62 1729 165 1779 mansit
179 1728 269 1795 Repeti
284 1728 342 1778 inde
357 1732 531 1795 cognitionem
545 1733 611 1780 inter
623 1729 772 1786 Musonium
783 1728 880 1781 ustum
892 1738 919 1777 et

11 1804 20 1831 ³
23 1802 159 1853 ,Celerem
170 1802 281 1866 placuit,
294 1793 603 1870 damnatusqnfl’ublius,
613 1816 639 1853 et
649 1805 739 1854 Sorani
748 1803 866 1853 manibus
875 1818 918 1851 sa·
974 1834 976 1839 ·

11 1875 143 1927 isiactum.
163 1876 271 1941 Insignis
289 1875 390 1940 publica
403 1880 539 1929 severitate
551 1880 621 1937 dres
633 1896 665 1927 ne
676 1878 799 1954 privatim
813 1875 918 1942 quidem

11 1947 78 1997 aude
103 1948 207 1995 caruit:
227 1950 323 2013 justum
345 1940 467 2011 iudicium
487 1953 601 2015 explesse
621 1943 755 2001 Musonius
773 1948 916 1999 ridebatur.

11 2023 113 2071 Diversa
129 2020 197 2071 fama
209 2022 340 2071 Demetrio
346 2023 490 2089 ,Cynicam
505 2034 599 2070 sectam
613 2024 740 2088 professo,
753 2023 823 2089 quod
835 2023 921 2072 marri-

11 2096 95 2145 'estnm
108 2112 181 2145 reum
192 2096 368 2154 ambitiosius,
380 2094 457 2161 quim
468 2093 615 2155 honestius,
627 2093 789 2144 defendisset
798 2092 861 2158 Ipsl
862 2094 920 2146 Pu-

11 2172 54 2219 rlio
66 2186 149 2233 neque
159 2170 259 2223 animus
269 2172 294 2217 in
306 2169 438 2235 periculis,
454 2184 536 2261 neque
548 2168 630 2216 oratio
644 2167 830 2233 suppeditavit.
841 2166 940 2238 Signo
987 2193 991 2212 ι

11 2246 126 2293 ultionis
120 2262 146 2293 ιιι
156 2258 316 2295 accusatores
326 2243 385 2293 dato
393 2246 476 2311 ,petit
485 2262 498 2293 a
486 2244 602 2293 Caesare
610 2242 701 2304 Iunius
712 2240 857 2305 Mauricus,
867 2251 922 2290 out

11 2322 251 2371 commentariorum
267 2319 448 2385 principalium
464 2328 619 2387 potestatem
635 2317 733 2365 senatui
748 2314 857 2373 iaceret,
874 2329 946 2379 pet·

11 2412 70 2459 quos
87 2408 219 2461 nosceret,
237 2410 314 2461 quem
326 2397 437 2483 quisque
452 2392 623 2445 accusandum
638 2390 807 2460 poposcisset.
820 2390 921 2439 ὓοιιιιι-

11 2469 117 2520 lendum
128 2470 172 2518 tali
185 2488 259 2536 super
271 2487 298 2519 re
308 2472 453 2537 prinoipem
462 2488 488 2527 ιι,
502 2468 642 2535 respondit.

38 2542 113 2591 XLI.
132 2543 253 2611 Senatus,
265 2544 446 2593 inchoantibus
461 2542 630 2609 primoribus,
642 2536 816 2604 jusjurandum
829 2552 923 2585 eonce-

11 2618 60 2683 pit,
74 2633 127 2681 quo
140 2620 256 2667 certatim
268 2634 356 2668 omnes
366 2619 541 2684 magistratus,
553 2617 632 2665 ceteri
642 2626 672 2664 ut
684 2613 837 2662 sententiam
850 2625 942 2676 roga-r

11 2692 121 2747 bantur,
141 2692 236 2740 «Deos
255 2704 360 2755 testes»
380 2690 555 2747 adsocalrant,
575 2688 661 2738 anihil
681 2703 743 2773 ope
736 2687 794 2736 suri
811 2686 923 2751 factum,
966 2689 968 2700 ’

11 2780 62 2831 quo
78 2763 228 2829 cujusquam
241 2767 307 2815 salus
319 2766 452 2816 laederetur
462 2782 565 2829 ,neque
582 2782 608 2815 se
622 2763 773 2831 praemium,
784 2773 828 2810 aut
841 2760 925 2809 hono·

11 2855 78 2893 rem,
93 2847 126 2886 ex
138 2839 318 2889 calamitate
297 2842 390 2889 onium
407 2840 545 2905 cepisses:
560 2835 682 2903 trepidis,
694 2848 721 2886 et
732 2835 828 2886 verba
822 2849 924 2900 ιιιιιιιιι

11 2911 87 2965 randi
96 2927 141 2977 per
152 2917 234 2962 rarias
243 2925 311 2963 artes
324 2913 494 2970 mutantibus,
495 2912 561 2997 quis
571 2912 658 2977 flagitii
670 2910 824 2960 conscicntia
833 2910 924 2963 inerat,

11 2985 163 3035 Probabant
172 2986 322 3051 religionem
336 2998 433 3053 patres,
447 2985 587 3053 periurium
600 2985 748 3051 arguebant.
758 2985 845 3048 anue
855 2982 925 3029 velut

11 3078 136 3119 censura,
146 3061 175 3111 in
183 3062 341 3111 Sariolenum
352 3062 491 3125 Voculam,
505 3062 654 3112 etNonium
663 3061 813 3118 Actiacum,
825 3068 851 3103 et
860 3057 924 3103 Ces·

11 3138 82 3186 tium
104 3134 180 3184 Seres
182 3152 224 3184 um
237 3135 357 3185 acerrime
375 3136 506 3192 incubuit,
519 3136 616 3186 crebris
630 3134 697 3225 apud
712 3133 842 3183 Neronem
854 3126 926 3175 dela·

11 3211 129 3261 tionibus
146 3210 265 3259 samosos.
285 3210 445 3259 Sariolenum
464 3220 489 3257 et
502 3220 589 3259 recens
609 3212 706 3259 crimen
720 3203 839 3278 urgebat,
857 3198 927 3262 qudd

13 3284 84 3351 apud
96 3284 235 3333 Vitellium
247 3284 351 3333 molitus
363 3281 450 3333 eadem
463 3280 548 3330 soret:
561 3298 608 3330 nec
619 3281 719 3330 destitit
728 3284 829 3325 senatus
839 3287 928 3320 manns

14 3369 144 3423 intentare
153 3363 258 3417 Vocula
264 3400 272 3427 ,
284 3362 366 3427 donec
379 3360 598 3416 curitexoederer.
609 3362 650 3415 Ad
659 3360 774 3414 Paruum
782 3352 928 3409 atriorum
