2100 3709
299 46 681 125 nrsronrtnnuutnr.
785 77 802 94 ··
894 68 946 126 455

9 185 55 224 ut
67 172 176 240 quisque
186 185 271 220 ramus
281 168 426 230 intumuit,
437 167 458 215 si
470 167 524 214 vim
539 163 599 214 lerri
611 165 745 228 adhibeas,
754 177 848 236 petent
858 183 944 232 venae3
968 147 976 206 l

14 249 152 316 fragmine
161 244 269 312 lapidis,
281 255 324 293 eut
336 242 398 292 testi
408 243 557 308 aperiuntur
569 261 574 288 2
589 241 683 291 humor
693 243 718 290 in
729 260 776 290 usu
783 243 944 314 medentium
968 239 973 306 'i

18 334 78 373 est.
94 322 253 386 Praecipuum
269 320 395 368 montium
406 319 534 370 Libanum
546 316 636 381 erigit,
648 317 742 366 mirum
755 317 841 383 dictu,
858 329 943 368 tantos
970 310 974 371 ἶ
992 356 996 362 -

14 397 95 446 inter
106 393 209 444 ardores
223 407 345 458 opacum,
358 390 487 454 fidumque
497 389 607 438 nivibus.
617 388 688 438 ldem
698 406 798 439 amnem
807 391 821 438 J
823 391 945 442 ordanem
970 405 975 445 t
1012 395 1018 409 ‘

18 469 92 525 alit,
105 467 251 531 funditque,
266 466 319 514 Nec
331 464 453 513 Iordanes
462 463 553 530 pelago
563 464 702 530 accipitur:
719 463 854 519 tednnum
869 478 945 531 etque
977 509 981 526 ,

19 543 141 592 alterum
151 542 235 595 lncum
245 542 341 603 integer
353 539 457 603 perfluit
466 558 474 600 3
488 538 563 586 tertio
572 537 708 587 retinetur.
725 537 806 590 Lacus
821 539 946 588 immenso

18 614 144 677 ambitu,
165 613 247 679 specie
257 612 347 672 maris,
365 623 453 677 sapore
466 609 625 676 corruptior,
638 610 759 676 gravitate
775 611 859 661 odoris
871 627 947 661 acen·
982 649 984 654 .

15 688 57 738 lis
78 685 201 753 pestifer,
220 701 302 751 neque
320 695 396 734 vento
416 683 572 750 impellitur,
592 699 674 749 neque
701 685 783 750 pisces
800 695 844 734 aut
862 697 952 751 suetas
984 675 991 733 ¹².

19 763 104 827 aquis
115 761 229 810 volueres
242 761 348 827 patitur.
366 760 471 813 lncertae
482 760 572 810 undae‘:
587 761 740 826 superjecta,
751 771 780 809 ut
796 761 893 822 solido,
905 761 946 814 le·
988 758 994 788 ³

20 845 95 885 runt
109 852 115 881 ε
129 834 205 900 periti
222 833 385 900 imperitique
399 832 476 881 nendi
492 831 598 898 perinde
615 833 776 882 attolluntur.
797 835 873 884 Certo
885 837 946 884 enni
991 827 996 896 ζ’

22 907 151 957 bitumen
161 907 239 972 egerit
249 924 256 973 3
268 905 341 970 cujus
354 904 456 971 legendi
466 922 542 955 usum
550 943 557 966 ,
565 899 599 955 *ut
609 918 705 978 ceteras
717 919 798 969 artes,
814 911 947 974 experien-

21 983 67 1031 tia
82 979 179 1028 docuit.
190 979 253 1028 Ater
263 977 351 1042 sulpte
362 977 451 1027 naturai
460 977 545 1040 liquor
555 1015 562 1036 ,
578 991 603 1028 et
613 995 700 1044 sparso
711 991 782 1029 noeto
797 986 946 1042 concretus,
988 1005 995 1042 ¹,

20 1054 149 1103 innatat:
160 1049 230 1100 bunc
238 1064 314 1098 manu
326 1059 438 1114 captum,
447 1049 539 1112 quibus
546 1066 575 1098 ea
584 1065 653 1109 curs,
663 1053 689 1100 in
701 1066 798 1102 summa
810 1054 881 1102 nevis
890 1065 947 1104 tra-

17 1125 107 1176 bunt.
115 1123 264 1185 Inde,nullo
275 1121 386 1185 jurante,
394 1120 486 1180 influit,
499 1133 649 1186 oneratque,
658 1122 739 1171 donec
747 1125 877 1174 abscindas
885 1145 891 1176 z
899 1143 946 1178 nec
984 1149 985 1156 ¹

19 1197 179 1248 abscindere
186 1214 232 1252 aere
240 1195 339 1247 lerrore
346 1195 443 1261 possis:
453 1195 520 1259 fugit
528 1209 656 1260 cruorem,
666 1205 813 1262 restemque
824 1199 943 1250 inlectam

17 1274 170 1340 sanguine,
185 1288 235 1338 quo
244 1271 341 1322 feminae
350 1286 393 1336 per
400 1271 690 1329 mensesexsolvuntur:
704 1270 741 1319 sic
748 1283 846 1321 veteres
854 1286 945 1324 aucto·
973 1329 974 1332 Ἴ
1029 1303 1030 1306 =

18 1368 82 1402 ses.
94 1346 144 1398 Sed
156 1344 228 1413 gnari
240 1347 357 1395 locorum
369 1344 489 1403 trsslunt,
504 1345 630 1395 undantes
641 1345 765 1400 bitumine
776 1345 856 1395 moles
865 1349 945 1414 pelli,

16 1437 159 1486 manuque
171 1420 238 1469 trabi
252 1420 284 1469 ad
301 1421 390 1469 littus:
402 1435 476 1475 mox,
494 1419 540 1467 ubi
560 1433 654 1485 vapore
675 1428 759 1479 terre,
773 1421 798 1468 vi
811 1419 870 1468 solis
890 1422 946 1470 ins·

20 1496 149 1552 ruerint,
161 1494 292 1542 securibus
305 1493 455 1555 cuneisque,
469 1499 499 1538 ut
508 1490 593 1542 trabes
606 1501 650 1539 aut
661 1506 732 1550 saxa,
747 1488 862 1540 diicindi.

45 1577 47 1581 '
62 1562 129 1619 Vll.
147 1566 223 1615 Haud
237 1567 327 1633 procul
339 1565 398 1629 inde
409 1565 510 1634 campi,
527 1579 590 1628 qnos
602 1561 686 1616 lerunt
698 1563 762 1614 olim
772 1565 876 1626 uberes,
888 1578 947 1614 maa
964 1575 967 1586 ··

23 1637 143 1707 gnisqric
159 1638 265 1688 urbibus
285 1638 426 1696 bebitstos,
445 1637 583 1686 mtmtnum
595 1637 662 1699 iactu
681 1639 787 1702 arsisse:
807 1650 833 1688 et
847 1655 949 1690 manere

20 1707 157 1778 vestigia}
167 1723 310 1776 terrsmqne
320 1713 415 1778 ipssm,
425 1712 508 1777 specie
519 1711 657 1772 torridam,
668 1711 721 1762 vim
731 1708 879 1777 frugiferum
888 1729 947 1779 per-

22 1789 140 1852 didisse.
149 1785 215 1836 Nsm
225 1798 315 1835 euncts
327 1799 418 1852 sponte
428 1785 496 1836 edita
503 1821 512 1849 ,
527 1799 570 1838 tut
581 1803 658 1836 manu
667 1797 736 1848 sets,
750 1787 804 1836 sire
819 1786 896 1838 herba
909 1799 949 1837 te·

23 1880 83 1915 nus
96 1874 143 1929 sut
158 1861 233 1925 flore,
250 1877 295 1911 seu
307 1862 410 1910 solitam
424 1861 452 1908 in
472 1862 584 1927 speciem
596 1861 748 1932 adolevere„
761 1872 813 1910 ntrs
829 1873 855 1910 et
864 1859 961 1914 innuit

23 1937 148 1996 velutin
170 1937 281 1984 cinerem
294 1946 441 2002 vanescunt.
458 1936 512 1996 Ego
532 1936 598 1986 sicut
611 1937 718 2002 inclytos
734 1935 862 2000 quondam
873 1937 949 1988 nrbes
971 1977 973 1994 ,

24 2015 95 2079 igne
107 2009 205 2058 coelesti
213 2008 330 2072 flagrasse
339 2003 506 2053 concesserim
516 2039 523 2065 ,
535 2003 570 2050 ita
582 2005 662 2052 halitu
675 2006 745 2054 lncbs
755 2006 822 2056 infici
839 2022 948 2071 terrem,
969 2009 973 2047 f

6 2124 7 2127 η
24 2083 172 2148 corrumpi
183 2079 343 2147 superfusum
354 2077 486 2144 spiritum,
496 2074 577 2138 ebque
589 2074 663 2127 tostus
671 2089 787 2140 segetum
798 2091 824 2129 et
832 2085 950 2134 autumni
967 2110 970 2146 ς

6 2194 7 2199 ,
20 2169 181 2228 putrescere
189 2169 257 2213 reor,
268 2153 323 2201 solo
332 2152 446 2214 coeloque
456 2148 616 2213 juxtigrsvi.
628 2149 662 2198 Et
669 2147 743 2199 Belus
754 2153 835 2202 emuis
844 2155 950 2206 ludaico
1025 2141 1034 2157 l

6 2254 7 2275 ‡
24 2232 104 2283 mari
114 2227 230 2277 illabitur
242 2243 248 2277 t
259 2228 325 2275 cirea
336 2225 407 2290 cujus
425 2241 454 2285 os
470 2223 583 2272 collecte
598 2237 692 2281 arena,
708 2219 820 2274 admixto
830 2227 912 2287 nitro,
923 2228 950 2277 in
986 2271 998 2290 ,

6 2328 7 2347 t
23 2307 136 2358 vitrum
155 2314 332 2368 excoquuntur
349 2316 355 2347 :
379 2297 509 2348 modicum
527 2295 554 2346 id
570 2297 642 2347 littus
649 2327 660 2357 ,ι
671 2301 698 2363 et
708 2297 866 2362 egerentibus
879 2301 951 2352 inex-

5 2381 169 2431 thaustum.
774 2377 776 2382 ’
809 2381 811 2386 ’

5 2472 8 2495 ;
57 2447 144 2514 Vm·
156 2447 249 2510 Magna
260 2459 318 2512 pars
329 2443 419 2494 Iudaea
430 2443 493 2492 vicis
505 2443 675 2509 dispergitur:
690 2442 786 2494 babent
803 2458 830 2494 et
846 2447 950 2514 oppida.¹

6 2550 7 2553 ¹
24 2522 219 2589 Hierosolyma
229 2521 299 2586 genti
312 2529 398 2586 csput.
411 2517 467 2567 lllic
480 2519 610 2567 immensae
622 2517 756 2584 opulentie
769 2521 894 2586 templum
907 2538 914 2585 ;
926 2531 953 2571 et

6 2622 7 2641 t
24 2597 130 2670 primis
145 2593 310 2645 munimentis
325 2593 385 2640 urbs
395 2628 401 2649 ‚
411 2590 470 2640 dein
480 2593 549 2654 regia
558 2607 564 2656 3
573 2593 698 2656 templum
711 2591 807 2640 intimis
819 2593 932 2643 clausum
946 2613 953 2642 ε

26 2675 67 2726 ad
77 2673 148 2720 fores
157 2667 255 2716 tantiam
265 2666 351 2716 Jndaeo
361 2665 459 2714 aditus:
470 2665 567 2724 limine,
574 2677 664 2730 praeter
674 2664 826 2730 secerdotes,
833 2667 953 2716 arceban-

5 2781 8 2788 .
25 2762 90 2800 tur.
99 2745 169 2792 Dum
181 2738 397 2808 Assyriospeues‚
409 2737 567 2801 Medosque,
577 2749 603 2786 et
613 2737 701 2786 Perses
713 2738 805 2788 Oriens
814 2737 880 2798 luit,
893 2738 962 2799 des·-

6 2812 187 2890 tpectissima
196 2831 254 2879 pars
265 2813 431 2862 servientium
442 2829 447 2858 :
460 2822 595 2877 postquam
608 2810 763 2862 Macedones
778 2814 932 2880 praepotudre
942 2849 953 2874 ,

25 2910 81 2945 rex
96 2881 239 2944 Antibcbus
256 2885 357 2940 demere
373 2886 580 2952 superstitionem
589 2922 595 2944 ,
604 2896 630 2934 et
641 2902 724 2939 mores
735 2887 883 2958 qurum
893 2888 953 2937 dare

5 2994 8 3001 ⁴
27 2965 165 3021 adnixus,
177 2963 316 3026 quominus
332 2963 488 3025 teterrimam
500 2973 604 3027 gentem
617 2962 640 3009 in
656 2963 746 3010 melius
757 2973 879 3019 mutaret,
891 2965 954 3011 Par-

5 3056 8 3085 1
26 3043 148 3093 thorum
162 3036 230 3085 bello
238 3035 384 3104 prohibitus
396 3049 434 3086 est
451 3037 530 3102 (uam
541 3035 569 3084 eb
586 3041 736 3102 tempestate
750 3035 855 3085 Arsaces
870 3033 953 3084 desci-

5 3154 8 3162 .
27 3111 143 3177 verat),
165 3110 232 3158 Tum
248 3104 345 3172 Jiidaet,
362 3111 545 3159 Macedonibus
568 3111 699 3172 invalidis,
715 3108 815 3157 Par-this
835 3109 951 3162 nondum

28 3187 138 3241 adultis
148 3183 190 3250 (et
198 3186 305 3232 Romani
317 3185 406 3250 procul
416 3185 506 3249 erant)
523 3181 630 3252 sibiipsi
641 3199 712 3246 reges
727 3181 867 3246 imposuere
882 3200 888 3230 z
906 3186 952 3248 qui
989 3175 994 3182 ’
1028 3215 1031 3221 -

29 3259 186 3316 mobilitate
196 3258 265 3323 vulgi
276 3258 389 3324 expulsi,
402 3256 531 3322 resumptis
543 3274 588 3322 per
598 3269 669 3303 arma
678 3254 866 3313 dominatione,
879 3254 952 3320 sugas

32 3335 143 3391 citium
152 3366 162 3396 ,
174 3328 277 3396 urbium
288 3333 444 3394 creationes,
455 3328 563 3383 fratrum
573 3363 581 3392 ,
592 3327 742 3396 conjugum,
756 3338 890 3400 petentum
900 3345 951 3396 neg
