2100 3709
72 80 123 134 532
384 82 413 123 c.‘
429 86 523 125 conr.
542 82 661 124 atcrrt

71 174 152 233 multa
161 171 207 229 tub
215 165 309 219 toroni
322 166 475 215 venundata.
491 166 641 231 Quumque,
652 165 742 215 dirutis
751 164 1010 221 omnibus,Aren·

73 246 151 295 ticum
161 278 169 301 ‚
178 244 260 309 gentis
270 248 362 305 caput,
373 240 442 304 justo
451 241 550 305 agmine
562 251 706 305 peteretur,
720 240 789 289 missi
803 240 846 304 qui
856 238 1000 287 dederent

71 319 200 368 oivitatern
209 333 214 364 :
222 328 248 364 et
255 314 351 363 deditio
363 326 475 379 accepta.
487 313 516 361 ln
525 314 622 362 lulium
633 313 768 379 Alpinum,
780 312 793 361 ὲ
803 312 981 379 principibun
987 348 1000 371 ‚

72 404 102 442 nt
114 390 270 440 concitorem
279 387 354 445 belli,
367 389 465 439 Caecina
476 386 672 437 animadvertit:
684 400 782 437 ceteros
794 385 874 434 veniae
886 387 932 435 vel
940 400 1000 433 sae-

71 466 140 515 vitias
151 463 251 512 Vitellii
262 460 373 525 reliquit.
644 458 649 465 '
727 514 733 517 ,
787 522 789 525 Ι
875 470 879 485 r

105 534 202 586 LXIX.
214 533 370 583 Haudircile
381 533 450 582 dictu
462 544 515 592 eat,
526 533 602 598 legati
613 533 789 583 Helvetiorum
799 534 887 585 minias
898 536 1002 601 placa·

73 610 152 658 bilem
160 610 355 673 imperatorem,
365 625 396 657 au
405 606 512 655 militem
523 607 668 655 invenerint
679 624 685 653 :
698 608 826 659 «civitatis
833 607 975 657 excidium
984 626 1001 655 u

73 692 201 747 poscunt,
212 682 262 729 tela
274 696 302 729 rc
314 696 404 729 manus
417 682 442 727 in
453 697 496 728 ora
507 681 647 744 legatorum
661 680 794 731 intentant.
807 681 848 730 Ne
862 682 1000 733 Vitellius

74 754 181 817 quidem¹
194 755 270 802 minis
288 769 318 801 ac
338 753 422 801 verbis
440 753 616 819 temperabat;
632 768 711 815 quum
728 753 849 801 Claudius
870 754 1000 811 Cossus,

74 844 177 876 uuuaex
184 828 354 893 legatia,notae
361 825 545 887 facundia,sed
553 825 737 875 ‹licendiartem
745 826 802 891 apti
812 827 999 891 trepidatione

75 901 213 960 occultans,
221 899 336 964 atqueeo
346 900 461 959 validior,
469 901 678 949 militisanimum
687 900 811 963 mitigavit
824 919 829 949 :
843 912 921 950 utest
932 918 999 951 tuos

75 974 154 1038 vulgo
167 1010 174 1035 ,
185 974 307 1023 mutabile
318 974 409 1025 subitis
421 984 510 1021 ettam
521 988 629 1037 pronum
641 974 667 1021 in
679 972 879 1021 misericordiam
890 1011 898 1033 ‚
911 974 1000 1037 quam

76 1049 242 1108 immodicum
253 1049 348 1099 savina
358 1048 454 1099 luerat:
468 1048 552 1097 eiluaia
565 1048 697 1115 iacrymis,
707 1060 731 1095 et
742 1050 847 1097 meliora
860 1062 997 1099 constan·

76 1121 129 1171 tius
142 1122 308 1185 postulando,
321 1123 500 1187 impunitatem
513 1122 669 1185 salutemque
681 1122 776 1169 civitati
789 1122 979 1185 impetravere.

108 1195 190 1250 Lxx.
202 1196 300 1245 Caecina
309 1212 404 1260 paucos
415 1196 441 1244 in
451 1196 574 1245 Helvetiis
584 1207 696 1244 moratus
704 1192 771 1252 dies,
782 1194 845 1243 dum
854 1196 1006 1242 sententiar-

77 1264 177 1315 Vitellii
187 1270 278 1317 certior
290 1269 375 1330 tieret,
388 1270 464 1320 simul
476 1270 610 1318 transitum
619 1267 724 1333 Alpium
735 1282 839 1331 parans,
856 1268 950 1315 laetum
960 1281 996 1312 ex

78 1336 157 1387 italia
166 1342 284 1391 nuntium
296 1333 409 1407 accepit,
423 1361 438 1391 u
447 1344 511 1391 alam
524 1343 651 1409 Syllanam
665 1343 729 1391 circa
739 1340 836 1389 Padurn
851 1352 995 1403 agentem,
1044 1347 1047 1385 ζ

78 1426 236 1462 sacramento
249 1416 347 1464 Vitellii
358 1417 490 1465 accessisse
503 1434 528 1465 n.
546 1415 725 1465 Proconsulem
739 1412 874 1461 Vitellium
892 1412 998 1479 Syllani

25 1513 28 1518 ν
80 1486 108 1533 iu
119 1486 202 1537 Africa
214 1486 375 1538 habuerant:
389 1507 451 1538 mox
461 1489 475 1537 'a
484 1490 602 1551 Nerone,
619 1489 683 1559 ut3iu
695 1487 831 1553 AEgyptum
844 1487 996 1551 praemitte-

83 1572 186 1618 rentur,
201 1563 291 1621 exciti,
303 1574 329 1610 et
344 1555 378 1610 ob
392 1563 489 1610 bellurn
501 1560 616 1610 Vindicis
633 1560 758 1619 revocati,
774 1575 802 1608 ac
813 1570 868 1606 turn
880 1560 906 1606 in
917 1556 996 1605 Italici

84 1645 226 1693 manentes,
241 1636 362 1682 instinctu
370 1634 535 1683 decurionum
544 1634 588 1695 qui
595 1631 704 1680 Othonia
714 1633 807 1701 ignari,
818 1632 924 1682 Vitellio
933 1632 999 1679 obs·

83 1706 166 1761 tricti,
179 1708 258 1754 robur
268 1705 460 1755 adventantium
468 1706 612 1769 legionum,
623 1717 648 1752 et
658 1704 749 1761 lamam
759 1705 907 1754 Germanici
918 1722 998 1753 exer-

83 1775 148 1824 citria
158 1778 307 1826 attollebant
316 1774 458 1837 {transiere
467 1778 492 1824 in
501 1790 585 1840 partes
596 1795 602 1825 ε
617 1788 642 1823 et
653 1786 681 1822 ut
695 1774 792 1825 donum
803 1778 910 1841 aliquod
923 1793 996 1825 noro

83 1849 205 1915 principi,
221 1850 364 1898 firmissima
381 1848 564 1913 Transpadana
584 1847 695 1913 regionis
711 1848 870 1913 municipia,
888 1848 995 1897 Medio·

83 1920 184 1980 lanum,
194 1938 223 1968 ao
231 1923 367 1970 Novariam
374 1928 381 1977 ,¹
391 1930 416 1967 et
425 1918 591 1989 Eporediam2
603 1937 631 1968 ac
642 1920 784 1978 Vercellas,
795 1922 934 1985 adjuuaetc
947 1938 953 1968 ε
966 1919 995 1969 id

86 1991 187 2039 cecina
195 2008 241 2057 per
252 1994 319 2059 ipsos
327 2005 493 2059 compertum.
504 1994 537 2044 Et
544 1994 601 2056 quie
610 1993 724 2058 praesidio
733 1995 776 2042 aie
784 1996 859 2043 unius
869 1995 995 2044 latissima

84 2079 143 2128 para
151 2063 228 2115 ltaliae
238 2066 340 2116 delendi
347 2059 468 2134 nequibat
469 2104 483 2132 4
493 2068 627 2133 praemissis
637 2068 781 2123 Gallorum,
794 2066 993 2126 Lusitanorum,
1046 2109 1047 2117 2

85 2136 313 2205 britannorumque
329 2129 495 2203 cohortibus,
509 2152 535 2189 et
549 2140 734 2187 Germanorum
747 2129 857 2197 vexillis,
876 2156 938 2188 cum
954 2140 994 2189 att
1042 2154 1047 2235 p

85 2207 196 2272 Petrini,
211 2214 268 2280 ipse
275 2213 408 2279 paululum
418 2223 564 2272 cunctatus,
577 2230 638 2261 num
647 2213 817 2277 Raeticisiugis
828 2213 853 2259 iu
862 2212 991 2262 Noricum
1046 2266 1047 2277 χ

85 2283 209 2347 flecteret,
224 2285 342 2335 adversus
353 2288 515 2344 Petronium,
527 2287 598 2335 urbis
608 2296 810 2351 procuratorem,
823 2286 867 2349 qui
883 2287 994 2336 concitis

21 2400 25 2408 .
87 2358 188 2406 auxiliis
197 2395 203 2416 ,
212 2360 395 2425 etinterrnptia
405 2361 540 2408 fluminum
552 2360 671 2426 pontibus
681 2395 688 2417 ,
699 2357 763 2405 lidus
773 2356 869 2406 Othoni
879 2360 994 2425 putabu-

88 2434 195 2483 tonsori
204 2448 323 2497 metu,ne
331 2434 664 2501 amitteretprremiraaajam
673 2432 788 2483 cohortes
796 2431 994 2496 alasque‚aimul

86 2520 207 2573 reputant
219 2512 275 2576 plus
286 2511 371 2577 gloriar
380 2510 476 2559 r'eteuti
485 2510 569 2571 ltalii,
582 2520 607 2558 et
617 2512 768 2571 ubicumque
780 2520 904 2556 certatum
915 2506 993 2565 loret,

86 2577 225 2631 Noricoain
236 2595 323 2631 ceterae
334 2584 445 2631 victorie
453 2586 554 2647 premia
565 2600 679 2633 cessuros
685 2618 692 2640 ,
702 2581 799 2630 Penino
810 2581 994 2645 subsignanum

87 2654 196 2703 militem
205 2656 310 2720 itinere,
326 2668 351 2706 et
360 2672 435 2721 grave
446 2656 576 2720 legionum
588 2672 690 2723 agmen,
700 2654 813 2704 hibernia
823 2653 906 2703 adbuc
917 2655 992 2720 Alpi-

87 2725 135 2774 btrs
146 2728 266 2777 traduxit·
722 2746 741 2756 “’

119 2790 214 2841 txxt.
226 2791 295 2841 Otbo
307 2792 409 2842 iuterim
419 2828 425 2849 ,
436 2802 523 2841 contra
536 2808 608 2859 apem
617 2792 729 2841 omnium
740 2830 746 2849 ‚
758 2808 808 2841 uon
818 2792 929 2854 deliciis,
941 2810 991 2841 ne·
1044 2852 1045 2859 ἵ

88 2863 258 2929 medendis,
272 2878 429 2931 torpescere:
444 2866 527 2914 dilatae
540 2867 696 2931 voluptates,
709 2864 864 2913 dissimulata
876 2867 991 2926 luxuria,
1046 2889 1047 2898 ¹

89 2948 115 2985 et
127 2949 216 2985 cuncta
229 2939 261 2985 ad
272 2938 393 2986 decorum
405 2940 505 3003 imperii
516 2939 657 3003 composita
670 2955 677 2987 z
689 2938 770 3002 eoque
780 2939 837 3003 plus
850 2938 992 2987 formidinis

92 3008 228 3061 afferebant
237 3010 303 3060 ialsae
313 3012 434 3071 virtuter,
447 3022 474 3059 et
485 3012 546 3060 vitia
557 3010 677 3059 redium.
688 3012 797 3065 Marium
806 3010 921 3071 Celsum,
932 3029 992 3061 con·

91 3079 173 3135 sulem
193 3085 367 3156 designatum.
386 3101 431 3152 per
446 3088 555 3151 speciem
573 3086 748 3141 vinculorum,
768 3085 865 3133 sevitiae
883 3087 994 3136 militum
1044 3114 1046 3136 ι

92 3158 264 3219 subtractum,
272 3161 348 3209 acciti
357 3163 382 3208 in
393 3160 545 3225 Capitolium
556 3161 626 3223 jub'et
634 3177 640 3209 ι
649 3158 789 3207 clementie
798 3159 889 3206 titulus
899 3158 927 3211 ,ὲ
938 3162 989 3207 viro

20 3276 25 3283 ,
53 3279 56 3286 ,
92 3230 161 3298 claro
171 3268 177 3286 .
188 3244 214 3279 et
227 3234 341 3299 partibus
353 3233 452 3294 inrito,
465 3232 605 3298 petebatur.
619 3232 718 3290 Celsus,
731 3242 875 3279 constanter
892 3243 991 3280 serr-atra

92 3317 152 3373 etse
163 3304 269 3362 Galbam
280 3305 341 3359 fidei
349 3308 447 3362 crimen
457 3303 586 3358 confessus
593 3340 601 3369 ,
611 3306 756 3372 exemplum
766 3302 834 3363 ultro
848 3306 989 3372 imputavit.
1046 3344 1047 3349 ,

530 2731 535 2745 l
