2100 3709
110 21 161 77 lob
299 64 303 72 .
418 11 444 69 s}
468 31 570 70 conr.
592 29 710 70 ructus

111 111 247 166 formidine
258 110 471 178 implicabantur,
487 113 621 179 permixtis
638 113 760 180 paganis,
771 127 837 180 quos
847 113 926 166 nullo
942 112 1007 165 dise
1020 117 1025 128 “

26 183 29 207 '
110 191 181 241 mine
186 186 321 241 Vitelliani
332 184 503 236 trucidabant.
513 187 563 236 Ser
574 184 718 236 Liburnica
728 186 795 238 inter
804 189 923 254 primum
937 189 1030 238 tumul·

110 275 168 314 tum
177 261 295 321 evasere,
305 260 332 308 in
341 257 398 323 quls
408 258 543 325 prefectus
551 258 638 308 classis
646 256 805 324 Apollinaris
816 262 944 328 :reliqum
960 264 988 312 in
999 264 1028 312 lit·

108 346 167 387 tore
176 347 268 402 capta,
277 344 322 382 ant
333 332 414 381 nimio
424 333 554 399 ruentium
562 347 639 382 onere
651 348 752 399 pressas
760 349 831 384 marc
843 333 945 386 liausit.
957 337 1027 384 Iulia·

109 427 160 462 nus
175 409 207 460 ad
219 409 249 459 L.
260 404 395 460 Vitellium
410 405 569 474 perductus,
587 415 614 456 ct
629 406 780 457 verberibus
797 407 928 469 foedatus,
956 411 986 458 in
999 427 1028 458 ors

111 485 167 549 ejus
183 482 321 550 juguletur.
332 479 354 530 1³
357 481 415 529 ulte
426 516 433 539 ,
447 481 491 546 qui
499 496 607 530 uxorem
624 477 653 529 L·
666 478 768 531 Vitellii
776 481 904 531 Triariam
917 483 1026 531 incesse·

109 570 184 619 rent,
198 566 319 622 tanquam
333 572 350 604 u
359 555 445 620 gladio
456 554 564 604 militari
581 553 665 602 cincta
673 587 681 612 ,
696 555 764 602 inter
776 555 876 612 luctum
890 554 1027 619 cladesque

78 686 80 691 ,
111 643 259 700 expugnate
269 631 426 687 Tarracina,
442 627 550 696 superbi
565 627 677 693 satique
693 628 820 694 egisset».
839 627 898 696 Ipsa
916 630 1027 678 lauream

108 721 188 776 gesta
204 704 323 776 prospere
333 705 370 755 rei
387 694 420 754 ad
433 704 539 754 fratrum
552 704 623 754 misit
635 714 834 770 :percunctatus
852 721 866 752 e
879 703 979 754 statim
995 717 1032 750 rot

110 779 184 848 gredi
193 796 228 841 se,
237 796 269 828 an
278 777 456 846 perdomandn
467 777 610 845 campanie
620 776 737 826 insistere
749 776 879 839 iuberets.
893 775 984 840 Quod
994 792 1028 824 sa·

110 855 256 904 lutarenon
269 850 347 902 modo
356 854 473 918 partibus
483 851 651 918 Vespasiani,
668 849 713 899 scd
724 849 870 917 reipublice
879 848 935 898 luit
949 867 956 897 :
976 864 1026 898 nan

66 978 69 985 ,
110 931 134 980 si
142 943 231 978 recens
240 928 347 977 victorii
357 928 446 986 miles,
458 940 496 990 et,
508 942 584 993 super
594 925 699 976 insitam
707 927 893 992 pervicaciam,
905 922 1025 974 secundis

110 1006 196 1066 ferox,
205 1002 314 1053 Romam
321 1001 510 1066 contendissem
519 1000 590 1050 haud
598 998 675 1068 parvi
684 1001 751 1049 mole
761 1011 902 1057 certatum,
913 1013 969 1048 nec
980 999 1027 1047 sins

111 1075 190 1127 uitio
201 1077 274 1126 urbis
290 1075 378 1126 foret:
399 1079 493 1146 quippe
502 1076 533 1125 L.
548 1074 671 1139 Vitellio,
683 1076 801 1139 quamvis
820 1073 929 1136 infami,
949 1072 1027 1121 inerat

110 1147 254 1200 industrias
264 1165 311 1199 nec
322 1151 474 1214 virtutibus,
485 1150 599 1214 utboni,
610 1148 656 1200 sed
665 1165 716 1216 quo
726 1148 804 1199 modo
812 1149 943 1216 pessmus
956 1148 1027 1213 quis·

110 1232 177 1292 que,
191 1223 259 1273 vitiis
271 1224 381 1274 valebat.

150 1297 297 1353 LXXVIIL
309 1298 378 1348 Dum
393 1297 445 1348 hac
462 1298 614 1366 inpartibus
628 1296 727 1350 Vitellii
739 1308 876 1364 geruntur,
893 1293 1032 1362 digressus

110 1371 209 1422 Narnia
219 1373 369 1439 Vespasiani
379 1372 518 1434 exercitus,
536 1373 614 1424 sest'os
628 1373 729 1424 Saturni
747 1373 817 1430 dics,
830 1371 968 1434 Ocriculi,
984 1385 1023 1436 pes

114 1447 195 1495 otium
207 1482 214 1504 ‚
226 1447 346 1513 agitabat.
360 1447 502 1498 cantatam
516 1465 600 1515 prame
618 1464 709 1514 mora,
721 1458 750 1496 ut
760 1447 907 1496 Mucianum
918 1444 1023 1512 opperi-

113 1516 282 1570 rentur-Nec
297 1519 415 1577 deluere,
433 1524 478 1586 qui
498 1522 640 1571 Antonium
660 1521 848 1587 suspicionibus
867 1530 1021 1586 arguerent.

74 1642 79 1647 .
112 1605 234 1660 tanquam
244 1594 326 1644 sdolo
336 1608 512 1653 cunctantem,
521 1607 581 1661 post
590 1607 697 1646 secretas
708 1595 808 1648 Vtuttii
816 1595 938 1662 epistolas
949 1631 959 1657 ,
970 1596 1032 1660 qui-1

111 1669 162 1718 bus
170 1669 344 1728 consulatum,
354 1680 379 1718 et
386 1669 502 1718 msbilcm
511 1668 603 1730 liliam,
616 1680 642 1720 et
651 1667 752 1721 dotales
762 1685 837 1735 opes,
845 1668 963 1734 pretium
973 1683 1026 1735 pro·

113 1738 229 1806 ditionis,
239 1737 388 1788 oflerebats.
399 1738 461 1800 Alii,
474 1741 553 1789 «ficta
562 1739 624 1798 bac,
636 1740 696 1788 etin
705 1742 815 1806 gratiam
823 1739 941 1790 Muciani
953 1755 1026 1791 com·

112 1815 197 1882 posita
206 1831 231 1864 o.
243 1813 368 1878 Quidam,
381 1816 521 1864 conminm
534 1813 559 1862 id
572 1813 666 1862 ducum
678 1815 817 1865 consilium
829 1815 923 1874 nurse,
937 1827 1024 1866 osten-

114 1898 169 1934 tare
180 1885 264 1950 potiris
275 1888 333 1934 urbi
344 1887 455 1942 bellum,
470 1885 546 1952 quim
559 1885 653 1939 inferre
664 1905 670 1936 :
681 1888 785 1953 quando
799 1887 968 1938 validissima
981 1907 1023 1940 co-

114 1959 202 2009 bortes
211 1959 225 2009 i
234 1958 341 2010 Vitellio
350 1959 530 2021 descivissent,
540 1973 565 2012 ot
575 1963 680 2014 abscisis
687 1965 805 2014 omnibus
812 1963 953 2032 presidiis,
970 1983 1023 2016 ces·

114 2047 187 2107 surus
194 2031 305 2099 imperio
316 2033 460 2085 videbatur.
470 2035 521 2086 set
532 2048 621 2087 cuncta
631 2033 807 2104 festinatione,
820 2039 914 2088 deinde
925 2039 1032 2106 ignaria

113 2105 202 2156 Sabini
210 2121 330 2175 corrupta
339 2127 346 2162 t
356 2108 518 2177 quisumptis
528 2111 622 2160 temeri.
633 2111 727 2173 armis,'
737 2112 936 2162 munitissimam
950 2113 1022 2182 Capi-

113 2181 171 2230 tolii
181 2198 280 2241 arcem,
292 2194 318 2232 et
326 2199 358 2235 nc
367 2185 466 2249 magnis
477 2183 581 2248 quidem
591 2185 744 2235 exercitibus
753 2185 965 2253 expugnabilem,
976 2187 1020 2236 ad-

112 2269 202 2303 versus
212 2257 257 2303 tris
265 2256 383 2306 cobortes
392 2257 458 2305 tueri
468 2259 654 2324 nequitissctu.
664 2259 738 2310 Haud
747 2257 820 2307 sacili
829 2260 886 2324 quis
896 2262 943 2310 uni
952 2259 1020 2310 adsi·

113 2329 229 2392 gnarerit
239 2330 357 2396 culpam,
368 2347 422 2397 qua
434 2334 550 2383 omnium
562 2331 609 2383 luit
625 2351 632 2382 :
645 2349 705 2384 nam
714 2334 741 2382 ct
750 2330 884 2383 Mucianus
896 2335 1019 2401 ambiguis

114 2402 230 2467 epistolis
242 2403 354 2455 victores
368 2405 528 2466 morabatur,
536 2418 569 2457 st
582 2405 709 2461 Antonius
724 2419 877 2474 prepostero
889 2399 1032 2476 obsequia*

114 2477 157 2524 vel
169 2473 231 2526 dum
241 2480 334 2545 regerit
345 2480 477 2538 invidiam,
490 2481 588 2531 crimen
603 2483 711 2534 metuit:
724 2482 851 2546 ceterique
863 2481 948 2546 duces,
961 2483 1021 2533 duur

113 2561 244 2616 peractum
254 2553 351 2605 bellum
361 2567 463 2622 putant,
473 2557 550 2606 finem
560 2557 613 2621 cius
624 2557 785 2623 insignivere.
797 2557 837 2607 Ns
845 2557 951 2610 Petilius
961 2561 1020 2625 qui-

115 2619 174 2670 dem
185 2624 307 2686 Cerialis,
319 2644 378 2677 cum
387 2629 459 2697 mille
473 2629 601 2694 equitibus
610 2629 750 2696 premissus
757 2665 764 2692 ,
776 2641 804 2676 ut
817 2633 965 2682 transversis
975 2632 1019 2682 iti·
1031 2651 1032 2662 ¹

114 2695 217 2745 neribus
227 2714 273 2765 per
287 2717 375 2767 agrum
384 2702 511 2752 Sabinum
518 2737 525 2760 ‚
540 2702 634 2752 Salutii
645 2701 702 2765 vit,
714 2701 947 2763 urbeminsroiret,
959 2705 1017 2754 satis

107 2778 299 2822 maturaverat:
311 2774 391 2825 donec
401 2777 496 2826 obsessi
506 2777 629 2844 Capitolii
640 2775 707 2826 lama
716 2787 821 2828 cunctos
829 2777 905 2826 simul
915 2778 1015 2828 exciret.

150 2839 271 2896 Lxxtx.
289 2850 414 2901 Antonius
425 2869 471 2918 per
482 2854 635 2919 Flaminiam
650 2851 682 2901 ad
694 2852 758 2900 Saxa
770 2851 862 2914 rubra,
875 2853 958 2903 multo
970 2853 1016 2918 jam

23 2940 28 2955 ¹
113 2915 214 2977 noctis,
227 2935 310 2970 serum
322 2925 443 2976 auxilium
454 2928 534 2975 venit.
548 2926 604 2976 Illic
616 2923 799 2976 (sintetsectum
810 2925 947 2991 Sabinum,
958 2943 1019 2975 cou-

115 2988 232 3054 llsgrssse
249 2993 415 3060 Capitolium,
432 3000 542 3047 tremere
558 3000 646 3050 urbem
656 3016 681 3057 u,
700 3009 789 3048 moesta
807 2999 892 3049 omnia
907 3003 1002 3068 accepit
1013 2997 1032 3050 :3

115 3077 133 3114 e
143 3063 242 3129 plebem
254 3083 354 3136 quoque
364 3083 390 3120 et
398 3073 501 3121 servitia
512 3089 558 3140 pto
568 3072 674 3124 Vitellio
686 3073 797 3122 armario
809 3073 980 3126 nuntiabatur.
990 3076 1020 3124 Et

115 3133 210 3189 Pelfflll
219 3143 309 3193 Ceflssl
319 3158 433 3213 equestre
443 3147 558 3214 praelium
568 3147 703 3200 adversum
713 3148 809 3198 luerat:
819 3164 926 3215 namque
936 3151 1018 3201 incan-

113 3221 180 3278 tum,
191 3223 218 3269 et
228 3232 346 3288 tanquam
356 3225 390 3274 ad
401 3226 481 3276 victos
493 3237 623 3286 ruentem,
633 3225 775 3285 Vitelliani,
787 3223 933 3291 interjectus
942 3227 1016 3291 equiti

114 3289 209 3364 pedes,
228 3299 528 3370 exccpcrcrpugnatum
545 3299 613 3355 haud
631 3300 722 3370 procul
740 3301 816 3359 urbe,
838 3299 905 3356 inter
921 3299 1014 3352 edificia
