2100 3709
94 66 144 118 hro
277 112 281 116 .
414 80 439 115 c.
457 76 548 118 onan.
565 72 678 115 nactur
845 103 859 132 ,
899 86 904 93 ·

94 161 148 208 bat.
168 160 390 225 strepere·cnncta
405 155 574 217 climatibus,
590 171 615 209 et
635 158 761 220 tumultu,
778 168 804 208 et
822 150 1019 208 exhortatione

69 262 71 267 »
91 230 182 282 matut
192 268 198 286 ,
210 248 278 294 non,
292 242 411 294 tauquam
431 233 458 280 in
471 232 569 299 populo
582 232 711 298 replebo,
730 232 806 281 variis
821 232 896 297 segni
913 227 1019 279 adula-

92 301 298 367 transvectans,
317 304 363 353 sed
376 318 405 354 ut
421 322 548 373 quemque
565 307 731 355 adfluentium
746 306 860 356 militum
876 305 1019 371 adspexe-

91 394 150 430 rant
158 414 167 438 ,
177 394 294 444 prensare
302 380 435 443 manibus,
445 381 582 447 complecti
594 382 669 429 armis
678 416 685 438 ‚
694 378 909 443 collocarentur,
922 380 1021 444 praeire

91 468 302 513 sacramentum..
311 454 389 504 modo
406 458 588 523 imperatorem
605 457 743 517 militibus,
763 456 839 507 modb
856 453 1021 523 imperatori

93 530 190 578 milites
201 529 387 579 commendare.
397 531 450 580 Nec
460 529 547 581 deerat
557 529 640 590 Otho,
650 531 803 599 protendens
816 546 911 581 manus
923 567 933 588 ,
948 528 1021 577 ado-

94 620 150 653 sare
169 604 291 668 vulgum,
308 602 389 666 jacere
406 604 507 665 oscula,
525 614 552 651 et
572 607 659 655 omnia
677 606 802 655 serviliter
818 621 864 672 pro
884 602 1023 653 domina-

93 678 173 724 tione.
193 677 331 740 Postquam
351 678 467 725 universa
480 678 644 727 classicorum
659 680 725 743 legio,
743 688 940 727 sacramentum
964 674 1021 739 eius

32 805 36 810 .
91 751 205 815 accepit,
219 747 299 797 fidens
313 749 430 807 viribus,
445 760 471 797 et
482 765 545 813 quos
559 750 640 799 adhuc
655 752 768 815 singulos
779 752 1019 807 exstimulaverat,

93 822 268 876 accendendos
280 824 306 869 in
316 817 452 872 commrsne
462 835 546 882 ratus,
557 824 680 887 provallo
693 837 833 873 castrorum
842 824 878 871 ita
890 825 994 891 coepit.

126 894 261 944 xxxvlr.
273 894 398 959 nQnisad
406 910 451 954 ros
459 896 637 960 processerim,
648 896 846 956 commilitones,
858 896 952 946 dicere
965 913 1019 944 non

92 983 197 1035 possum
208 987 215 1015 ι
228 970 288 1032 quia
296 984 342 1017 nee
353 970 480 1033 privatum
491 981 632 1017 menocare
640 969 767 1028 sustineo,
781 970 898 1035 princeps
909 970 927 1019 'a
938 970 1020 1018 vobis

97 1041 263 1104 nominatus,
278 1058 324 1089 nec
342 1043 502 1108 principem,
522 1041 573 1091 alio
591 1042 741 1105 imperante.
760 1042 882 1093 Vestrum
902 1059 1018 1107 quoque

96 1130 192 1164 nomen
205 1114 231 1161 in
248 1112 345 1162 incerto
360 1115 421 1169 crit,
438 1112 520 1162 donec
538 1112 709 1175 dubitabitur,
721 1116 897 1179 imperatorem
918 1116 1021 1182 populi

96 1188 209 1236 Romani
218 1184 244 1233 in
254 1187 357 1243 castris,
367 1202 398 1233 sn
409 1184 509 1235 hostem
518 1176 641 1235 bibentis.
653 1182 786 1234 Auditisne
795 1221 802 1244 ,
814 1198 842 1234 ut
851 1203 932 1252 paena
947 1204 1017 1247 mea,

97 1273 124 1311 et
135 1260 288 1327 supplicium
299 1246 412 1308 lectrum
425 1258 498 1307 simul
511 1256 691 1323 postulentur?
702 1258 766 1307 adeo
778 1259 947 1309 manifestum
960 1274 1017 1323 est,
1036 1288 1037 1297 ι

84 1343 179 1397 'neque
190 1334 345 1399 perimunt,
366 1349 449 1396 neque
461 1332 545 1394 salvos
560 1346 629 1395 esse,
642 1332 690 1384 nisi
707 1331 755 1380 und
765 1370 772 1391 ,
782 1349 864 1397 posse.
875 1333 922 1395 Et,
941 1335 1018 1399 cujus

95 1408 210 1455 lenitatis
219 1418 259 1455 est
271 1407 368 1463 Galba,
387 1407 435 1469 jam
451 1404 557 1455 fortasse
569 1391 688 1471 promisit
699 1406 706 1452 τ’
718 1417 746 1454 ut
757 1406 815 1468 qui,
828 1406 900 1454 nullo
913 1422 1018 1472 expos·
1036 1406 1037 1469 l

96 1494 186 1536 conte.
200 1488 239 1531 tot
251 1482 332 1529 millia
342 1480 610 1530 innocentissimorum
622 1479 734 1527 militum
748 1479 925 1531 trucidaverit.
941 1484 1017 1531 Hor·
1036 1472 1037 1515 l

96 1573 142 1605 ror
155 1556 270 1603 animum
282 1554 366 1612 subit,
378 1555 495 1618 quotiens
505 1552 626 1601 recordor
633 1552 738 1600 feralem
747 1553 895 1611 introitum,
907 1566 933 1603 et
946 1556 1018 1603 hanc
1036 1566 1037 1569 ’

98 1630 180 1678 solans
193 1629 278 1677 Galbae
292 1629 439 1685 victoriam,
456 1643 534 1689 quum
546 1625 573 1673 in
588 1626 667 1674 oculis
681 1627 752 1673 urbis
765 1626 895 1677 decumani
907 1629 1017 1679 deditos

45 1755 50 1760 ,
96 1703 210 1767 juberet,
221 1717 283 1765 quos
295 1699 458 1768 deprecantes
468 1699 493 1746 in
502 1696 578 1746 fidem
589 1707 725 1762 acceperat.
734 1697 782 1745 His
791 1702 909 1767 auspiciis
918 1705 1018 1753 urbem
1036 1716 1037 1761 l

70 1787 80 1801 '
99 1777 243 1839 ingressus¹
253 1788 329 1835 quam
339 1771 445 1836 gloriam
454 1770 486 1818 ad
498 1771 665 1835 principatum
676 1770 761 1817 attulit
767 1806 778 1833 ,
786 1765 1014 1824 nisioccisiObul·
1036 1764 1037 1777 ¹

85 1850 179 1898 ,tronii
194 1846 294 1902 Sabini,
311 1858 338 1893 et
354 1845 467 1893 Cornelii
484 1843 597 1894 Marcelli
611 1844 637 1889 in
649 1842 784 1907 Hispaniis,
802 1846 878 1895 Betui
892 1848 1015 1899 Chilonis
1036 1900 1037 1905 ,

100 1928 128 1973 in
139 1921 231 1980 Gellii,
240 1920 339 1967 Fonteii
350 1919 481 1983 Capitonis
490 1918 517 1966 in
524 1918 678 1977 Germanii,
690 1916 773 1968 Clodii
784 1914 1013 1987 Macrim-Africi,

101 1995 219 2059 Cingonii
230 1994 256 2041 in
272 1990 327 2049 riri,
343 1991 486 2056 Turpiliani
498 1992 525 2039 in
538 1990 600 2038 urbe
608 2026 615 2049 ‚
626 1990 777 2057 Nymphidii
788 1994 813 2042 in
826 1997 933 2047 nastris?
947 2002 1012 2064 Qua
1036 1984 1037 2019 ἶ

100 2084 208 2133 nsquam
227 2067 371 2134 provincia,
381 2080 441 2129 'qoae
456 2076 538 2113 eastra
550 2075 623 2128 sunt,
636 2066 687 2113 nisi
705 2078 809 2115 cruenta
821 2080 846 2117 et
858 2071 1011 2122 maculata?
1036 2060 1037 2069 ἵ

102 2148 148 2191 eut
155 2176 163 2203 ,
175 2152 202 2189 ut
213 2142 268 2207 ipse
278 2138 411 2205 predicat,
425 2132 558 2186 emendati
567 2140 593 2185 el
605 2135 737 2186 correcta?
749 2138 815 2189 Nam
825 2156 880 2205 quae
895 2144 944 2193 alii
954 2162 1011 2195 sce-

102 2218 170 2274 lera,
180 2214 222 2273 hic
231 2212 344 2263 remedia
355 2224 444 2261 vocat:
456 2211 520 2260 dum
533 2210 602 2262 falsis
613 2212 776 2271 nominibus,
788 2217 953 2267 severitatem
966 2236 1012 2285 pro

103 2290 213 2348 torritii,
226 2283 407 2354 parcimoniam
418 2304 466 2353 pro
475 2286 579 2334 avaritii
588 2322 595 2344 ‚
606 2286 731 2353 supplicia
742 2299 767 2335 et
776 2292 945 2342 contumelias
955 2312 1013 2343 ves-

84 2416 88 2422 ,
103 2367 155 2413 tras
165 2400 172 2423 ,
184 2361 342 2428 disciplinam
357 2360 477 2426 appellat.
494 2360 594 2424 Septem
611 2357 748 2408 iNeronis'
758 2360 806 2409 fine
823 2378 921 2413 menses
936 2380 1011 2429 suut,
1036 2364 1037 2401 l

67 2451 70 2458 ·
105 2450 133 2486 et
148 2436 197 2499 ianr
212 2437 270 2501 plus
282 2434 368 2500 rapuit
382 2432 464 2482 leelus
473 2471 480 2496 ,
493 2432 569 2496 quim
581 2432 651 2497 qaod
665 2432 803 2501 Polycleti,
816 2442 844 2486 et
860 2422 979 2501 Vatinii}
990 2454 1014 2490 et
1036 2430 1037 2491 l

104 2512 170 2577 Elii,
183 2519 346 2576 paraverunt.
355 2508 454 2559 Minore
462 2508 606 2559 avaritiiac
613 2506 715 2555 licentii
723 2521 918 2573 grassatasesset
927 2512 962 2565 Τ.
973 2516 1014 2569 Vi·

51 2614 65 2629 2
105 2587 177 2650 nius,
190 2587 210 2633 si
225 2586 278 2650 ipse
295 2584 459 2648 imperasset:
471 2598 542 2630 nunc
555 2593 580 2630 et
593 2580 720 2644 subjectos
732 2598 778 2631 nos
791 2583 880 2633 habuit
892 2600 1012 2655 tanquam
1036 2592 1037 2601 ¹

93 2663 96 2669 '
108 2675 180 2722 suos,
195 2670 221 2704 et
231 2657 309 2714 viles,
322 2668 351 2703 ut
361 2656 467 2707 alienos.
480 2655 537 2702 Una
548 2654 590 2702 illa
601 2653 693 2703 domna
702 2654 933 2723 sufficitdouativo,
945 2664 1012 2730 quod

107 2729 179 2779 tobis
189 2744 318 2790 utinquam
328 2726 414 2781 datur,
423 2737 448 2774 et
457 2726 570 2789 quotidie
584 2728 759 2793 exprobratur.

85 2795 89 2798 ⁵
140 2799 294 2853 xxxvto.
307 2801 367 2848 »Ac
376 2814 409 2847 nc
419 2815 468 2862 qua
479 2800 568 2847 saltem
579 2798 606 2847 in
618 2814 762 2848 successore
772 2800 858 2850 Galba
870 2819 927 2869 spes
938 2824 1011 2873 esset,

111 2876 213 2923 arcessit
224 2875 255 2920 ab
272 2874 378 2937 exsilio,
393 2888 467 2939 quem
483 2872 585 2923 tristitia
600 2884 626 2921 et
637 2872 740 2921 avaritiis
753 2872 792 2922 sul
804 2869 963 2941 simillimum
976 2885 1013 2947 ju.

112 2948 221 2995 dicabat.
235 2945 354 3004 Vidistis,
365 2947 568 3011 commilitones,
580 2947 685 2996 notabili
695 2958 858 3012 tempestate,
867 2952 945 3002 etism
954 2956 1011 3007 deos
1036 2944 1037 3001 i

112 3020 247 3068 infaustam
263 3017 426 3082 adoptionem
440 3017 611 3068 adversantes.
626 3018 700 3068 idem
713 3019 815 3068 serratim
824 3022 913 3078 ,idem
927 3032 1012 3097 populi
1036 3016 1037 3021 ¹

113 3093 223 3141 Romani
233 3090 330 3140 animus
340 3101 395 3140 est:
402 3090 492 3141 Vestra
505 3090 587 3141 virtus
601 3106 776 3159 exspectatur,
788 3092 853 3159 apud
866 3113 929 3161 quos
941 3118 1012 3151 omne
1036 3134 1037 3137 ,

114 3166 229 3215 honestis
238 3164 350 3213 consiliis
361 3163 449 3221 robur,
459 3165 546 3214 et'sine
553 3166 657 3231 quibus,
668 3168 783 3231 quamvis
792 3164 898 3232 egrefiia,
909 3174 1011 3225 invalida
1036 3212 1037 3241 ι

114 3239 252 3291 sunt..Non
261 3237 293 3287 ad
303 3238 399 3285 bellum
407 3253 451 3285 vos
459 3245 525 3296 ‚'nee
536 3238 568 3287 ad
577 3240 722 3304 periculum,
729 3256 791 3289 voco
803 3256 808 3287 ι
822 3244 937 3294 omnium
946 3252 1010 3298 mili.

112 3324 169 3365 tum
182 3330 252 3364 arma
265 3310 399 3363 nobiscum
411 3324 480 3363 runt.
497 3312 552 3365 Nec
565 3330 613 3363 una
626 3313 718 3365 cohors
729 3324 814 3380 togata
824 3312 938 3371 defendit
949 3338 1008 3374 nun·
