2100 3709
351 113 531 154 turturum
551 115 616 154 ura.
638 113 686 152 av.
923 100 974 170 245

63 195 147 265 petita
166 195 215 248 uiis
223 195 320 264 piacula
327 234 336 258 ,
347 197 458 261 aditique
467 197 566 263 Sibylla
577 196 650 257 libri,
665 212 695 245 ea
705 195 796 261 quibus
806 197 984 264 supplicatum»

64 271 223 336 Vulcano-et
234 271 320 319 Cereri
332 272 535 336 Proserpinaeque
546 307 552 325 ,
564 286 592 318 ac
600 271 736 335 propitiata
746 269 759 317 J
763 288 812 320 uuo
822 287 868 336 per
879 283 977 320 matro-

62 345 129 406 nas)
143 343 256 409 primum
269 345 294 392 in
307 345 447 410 Capitolio,
464 343 555 392 deinde
571 343 640 408 apud
653 345 798 408 proximum
812 361 882 392 mare
893 357 898 392 t
911 344 978 393 unde

62 416 158 466 hausti
168 419 246 482 aqui,
256 418 380 482 templum
391 431 415 467 et
424 418 587 466 simulacrum
596 416 647 464 ‹teae
655 433 815 484 prospersum
824 429 879 482 estq
891 427 917 464 et
925 418 978 466 aol-

59 487 180 538 liaternia
195 505 223 538 sc
238 491 371 555 pervigilia
386 493 545 540 celebravere
559 491 673 545 semiue,
688 491 780 554 quibus
793 491 878 538 mariti
893 502 977 542 eraut.

61 565 179 613 sednon
190 580 237 630 ope
250 563 373 626 humani,
385 582 436 614 non
445 565 622 630 largitionibus
631 564 766 630 principis,
778 576 821 612 aut
831 562 907 610 derlm
920 563 978 628 pla-

59 643 189 690 camentis
198 679 204 702 ,
216 640 353 690 decedebat
363 642 462 691 infamia
468 678 477 706 ,
486 643 547 706 quin
556 642 653 702 iussum
663 641 810 689 incendium
819 639 975 690 crederetur.

57 715 130 780 Ergo
142 716 268 765 abolendo
279 718 377 765 rumori
385 716 456 766 Nero
468 715 582 765 subdidit
590 733 660 773 reos,
670 727 695 764 et
706 717 887 780 quesitissirnis
900 718 977 780 poeuis
999 685 1018 769 l

59 790 173 848 adiecit,
189 808 253 856 quoa
261 808 306 857 par
315 793 407 856 flagitia
418 791 526 851 inrisos,
538 792 628 856 abigas
641 791 813 844 Christianos
822 791 976 857 appellabat.
1010 785 1017 841 l

57 865 160 920 Auctor
170 867 281 915 nominis
291 865 345 929 cius
355 867 482 922 Christus,
493 865 601 915 Tiberio
610 866 784 930 imperitante,
796 880 842 930 per
852 882 977 930 procura-

56 946 142 990 torem
154 940 272 990 Pontium
285 940 408 1001 Pilatum,
425 941 553 1006 supplicio
567 938 670 987 affectus
682 951 745 990 erat.
761 941 934 1003 Repressaque
947 939 975 986 iu
1013 986 1017 995 ,

56 1032 171 1083 praesens
183 1016 317 1065 exitiabilis
331 1019 477 1081 superstitio
488 1015 576 1066 ru'rsira
588 1018 755 1082 erumpebat,
773 1027 825 1063 nou
837 1012 915 1063 modd
927 1027 974 1078 per

57 1089 188 1151 Judaeatn,
200 1090 325 1154 originem
337 1089 390 1148 cius
404 1091 479 1152 mali,
494 1090 537 1138 sed
550 1106 595 1154 per
607 1090 697 1137 urbem
711 1091 805 1147 etiam,
818 1086 868 1153 qud
883 1098 975 1135 cuncta

57 1163 173 1228 undique
186 1163 292 1216 atrocia,
309 1173 354 1211 aut
365 1161 483 1227 pudenda
500 1165 645 1225 continuat,
661 1163 878 1225 celebranturque.
894 1159 974 1226 igitur

56 1233 173 1301 primitur
184 1237 302 1300 correpti.
312 1237 355 1299 qui
364 1235 516 1294 fatebantur,
527 1234 620 1282 deiude
630 1234 727 1283 iudicio
736 1250 775 1284 eor
782 1251 823 1283 um
833 1232 973 1283 multitudo

56 1309 148 1372 iugens
158 1343 164 1364 ,
176 1307 244 1356 baud
253 1307 357 1373 perinde
370 1308 513 1356 incrimine
524 1306 648 1363 incendii,
659 1308 734 1370 quim
746 1307 806 1356 odio
817 1307 974 1373 humauige-

56 1383 130 1432 neris
143 1383 254 1430 convicti
269 1392 338 1430 suut.
359 1381 391 1428 Et
405 1381 569 1445 pereuntibus
582 1377 667 1428 addita
679 1379 805 1437 ludibria,
818 1393 847 1430 ut
863 1380 974 1430 letarum

57 1455 138 1519 tergis
154 1455 278 1510 contecti,
293 1454 388 1502 laniatu
402 1469 492 1502 cauum
511 1452 658 1507 interirent,
668 1462 712 1498 aut
721 1450 976 1513 cruciburaliiai‚aut

57 1527 209 1578 dammandi
217 1562 224 1586 ,
242 1537 317 1590 atque
331 1527 375 1574 ubi
385 1522 517 1575 deiecisset
530 1525 598 1588 dies,
615 1527 641 1573 iu
657 1537 732 1573 usum
745 1528 860 1572 nocturni
872 1525 975 1576 luminis

57 1613 205 1650 urerentur.
217 1601 312 1650 Hortos
326 1617 384 1648 suos
395 1603 416 1649 ei
429 1601 573 1667 spectaculo
584 1601 653 1649 Nero
667 1599 810 1655 obtulerat,
820 1610 845 1645 et
857 1597 973 1648 Circense

57 1674 187 1724 ludicrrrm
197 1671 301 1735 edebat,
313 1672 398 1722 babitu
410 1675 499 1739 aurigae
509 1673 648 1739 permistus
658 1671 739 1738 plebi,
749 1672 788 1719 rel
796 1669 923 1722 curriculo
932 1674 975 1723 lu·
1001 1727 1008 1738 ,

59 1746 162 1810 sistens.
179 1743 253 1792 Unde
266 1761 409 1810 quanquam
426 1745 548 1794 adr-ersus
559 1757 657 1801 sontes,
673 1756 699 1793 et
709 1745 845 1793 novissima
858 1735 977 1808 exempla

57 1817 179 1872 meritos,
195 1818 325 1866 miseratio
341 1819 479 1876 oriebatur,
492 1830 612 1882 tauquam
624 1833 675 1867 noa
684 1817 795 1866 utilitate
804 1814 973 1882 publicl,sed

58 1889 87 1940 iu
99 1889 221 1940 saevitiam
232 1893 306 1942 unius
316 1890 517 1945 absumerentur.

92 1965 174 2014 XLV.
184 1966 281 2015 luteres
292 1967 450 2017 conferendis
459 1965 573 2035 pecuniis
582 1975 725 2035 pervastata
736 1960 824 2030 ltalia,
836 1959 972 2033 provincie

58 2051 153 2086 eversae
163 2075 169 2095 ,
179 2040 287 2104 sociique
299 2041 401 2107 populi,
414 2053 440 2090 et
449 2057 503 2105 quae
512 2040 644 2092 civitatum
652 2045 738 2092 liberae
748 2053 882 2091 vocantur.
891 2039 971 2104 luq'us

58 2125 117 2159 eam
132 2111 241 2178 praedam
255 2119 332 2161 etiam
348 2114 383 2161 dii
399 2114 508 2170 ceastre,
522 2117 636 2176 spoliatis
649 2118 675 2162 in
690 2115 753 2163 urbe
770 2115 885 2178 templis,
899 2129 973 2178 eges-

57 2193 139 2248 toque
151 2201 226 2246 auro,
240 2186 309 2250 quod
324 2185 476 2251 triumphis,
486 2185 556 2248 qnod
570 2188 650 2243 votis,
663 2186 747 2233 omnis
760 2187 850 2250 populi
861 2188 972 2234 Romani

3 2309 5 2318 ‚
59 2257 259 2323 aetasprusperd,
271 2271 315 2307 aut
326 2262 351 2307 in
359 2273 438 2319 metu,
449 2271 598 2308 sacraverat.
607 2257 741 2308 Enimverd
751 2260 887 2323 perusiam
898 2272 973 2322 atque

59 2325 183 2378 Achaiam
192 2331 314 2380 nouduns
321 2331 431 2386 tautirm.
442 2330 484 2378 sed
491 2332 625 2380 simulacra
633 2334 766 2380 numinum
772 2331 971 2395 abripiebantur,

60 2399 144 2450 missis
157 2403 181 2450 ln
197 2419 238 2452 cas
250 2405 392 2470 provincias
405 2405 497 2451 Acrato
508 2440 515 2458 .
526 2421 555 2452 ac
568 2396 684 2455 Secundo
696 2405 821 2452 (larinate.
835 2401 882 2450 Ille
892 2403 972 2450 liber·

61 2481 119 2529 tus,
135 2476 284 2539 cuicumque
294 2477 390 2540 flagitio
401 2488 552 2541 promptus3
565 2476 607 2525 bic
619 2477 704 2524 Grae‘cl
717 2473 830 2524 doetriud
842 2489 884 2522 ore
898 2485 970 2521 tenus

59 2551 200 2611 exercitus,
212 2567 325 2598 aunuum
342 2547 417 2598 b'onis
432 2550 529 2598 artibus
544 2565 595 2598 nou
611 2549 735 2598 induerat.
752 2545 892 2596 Ferebatur
903 2546 971 2594 cSc·

69 2632 133 2680 pcc,
142 2637 192 2684 quo
205 2623 328 2671 invidiam
339 2621 463 2686 sacrilegii
473 2621 577 2672 decutet
586 2633 712 2670 averteret
722 2639 736 2668 u
746 2656 753 2680 ,
765 2617 971 2682 longinquiruris

40 2680 185 2743 ”fecesa'urn
199 2714 213 2743 a
222 2698 346 2753 oravisse,
360 2708 385 2745 et
397 2708 531 2762 postquam
541 2713 593 2746 uon
602 2695 800 2751 concedebatur,
810 2691 866 2740 ficu
877 2692 974 2742 valetu-

30 2751 50 2796 ἰ
60 2760 136 2822 dius,
152 2771 222 2833 quasi
239 2786 302 2835 aeger
318 2773 417 2825 nervis.
433 2772 580 2819 cubiculum
598 2788 649 2820 nou
666 2783 780 2834 egressus
790 2786 816 2816 n.
833 2765 969 2816 Tradiddre

61 2846 164 2913 quidam
173 2884 181 2904 ,
190 2862 337 2895 «venenum
349 2850 372 2894 ei
380 2863 424 2913 per
432 2849 550 2894 libertum
558 2847 651 2914 ipsius,
661 2848 701 2894 eui
710 2862 804 2894 nomeu
818 2843 972 2904 Cleonicus,

59 2928 178 2986 paratum
185 2953 193 2976 ,
201 2917 268 2978 jussu
278 2917 386 2968 Neronis
396 2955 402 2979 ,
415 2919 572 2982 ritatumquc
581 2917 706 2977 dSeuecal,
714 2917 859 2983 proditioue
869 2917 969 2975 liberti,

3 3013 6 3066 q
62 3006 107 3040 seu
122 2988 224 3056 proprii
237 2988 385 3048 tormidine,
398 2990 459 3038 dum
474 2993 628 3058 persimplici
640 2995 708 3040 rictu
717 3027 724 3050 ,
733 3002 759 3039 et
772 2989 911 3055 agrestibus
920 3003 969 3052 po·

61 3063 111 3112 mis
119 3098 126 3121 ,
139 3077 166 3110 ac
182 3063 266 3110 sititis
279 3063 438 3125 admoneret,
450 3067 590 3128 profluente
602 3064 666 3130 aqud
680 3066 758 3111 vitarn
770 3067 891 3110 toleratu.
939 3095 945 3103 ,

97 3134 189 3184 XLVI.
199 3137 248 3183 Per
258 3135 325 3184 idem
336 3149 436 3202 tempus
445 3137 611 3200 gladiatores,
621 3133 689 3203 apud
698 3136 820 3202 oppidum
831 3135 969 3191 Praeneste,

63 3207 159 3260 tentati
174 3209 321 3274 eruptione,
337 3209 453 3276 prasidio
465 3211 570 3266 militis,
585 3213 628 3272 qui
643 3221 728 3256 custos
741 3207 851 3265 adesset,
863 3206 968 3253 coerciti

65 3294 123 3352 sunt
135 3300 141 3330 ι
155 3281 205 3345 jam
219 3283 405 3347 «Spartacum,
419 3293 445 3330 et
455 3293 546 3330 vetera
555 3283 643 3329 malai>
656 3281 800 3328 rumoribus
811 3280 907 3326 serenta
916 3293 966 3342 po.

61 3357 121 3429 pulo
128 3390 136 3418 ,
155 3364 185 3405 ut
199 3365 237 3406 est
248 3371 371 3408 novarum
386 3353 472 3406 r'erum
487 3353 610 3421 cupiens,
623 3349 789 3473 pavidasquq.
800 3349 865 3472 ³lice
882 3349 963 3400 multo
