2100 3709
329 77 577 119 nrsaorrrrtrrnu
599 78 666 119 ιιι.
690 82 712 116 ι.
740 104 744 113 ,
883 100 886 108 ·
928 60 974 121 an

62 150 176 206 Galbam
182 152 363 221 ,reddetinet
374 164 460 227 Quum
471 176 516 209 vos
525 160 683 226 adsperserit
693 174 772 223 quum
783 158 883 227 ragnum
892 166 978 211 ineurn

66 233 214 295 acceperit,
222 232 272 280 hoo
283 234 365 281 solnm
375 235 423 282 erit
431 244 567 293 certamen,
577 235 633 297 quis
641 232 702 281 mibi
712 232 865 297 plurimirm
860 246 976 300 rmputet.

62 298 162 352 Nullus
180 308 335 355 cunctationi
344 310 415 355 loeus
425 319 464 358 est
474 309 498 355 in
508 324 539 355 eo
554 307 673 358 consilio
685 305 753 369 quod
767 322 817 355 non
828 319 911 371 potest
919 307 977 355 lau·

61 373 358 449 dari‚nisiperaotumrr,
368 379 887 447 Aperitedeindearmamentsriumjussit.
896 382 977 445 Rapta

64 451 154 510 statim
167 468 235 501 arma
249 454 303 502 sine
316 471 386 503 mose
397 465 422 503 et
432 453 520 502 ordine
532 453 642 511 militiae,
654 466 681 500 ut
692 452 871 517 praetorianus,
884 463 927 499 aut
937 454 976 499 le·

63 522 196 585 gionariut
210 528 348 591 insignibus
359 530 410 576 suis
420 526 637 592 distingueretur:
651 527 789 575 miscentur
798 526 975 585 auxiliaribus,

65 595 147 658 galeis
163 600 298 663 scutisque
315 602 393 649 Nullo
410 601 570 649 tribunorum
586 602 800 679 centurionumve
810 596 977 661 adhortante,

66 667 119 715 sibi
135 685 238 735 qursque
249 672 299 720 dur
314 685 339 723 et
349 675 496 737 instigator
510 650 978 763 etprarcipuurnpessirtloruminoita-
995 705 997 709 -

65 754 197 795 mentum.
210 745 280 808 qubd
291 746 508 795 bonimoerebant.

98 812 227 863 XXXlX
239 817 978 894 JarnexterritusPisofremitucrebrescentisseditionis‚et

67 887 191 936 vocibus'
184 906 210 937 ιιι
219 890 311 939 urbem'
320 902 397 955 usque
409 893 586 941 resonantibus
591 908 736 957 egressum
748 874 848 941 interiln
856 891 977 953 Galbam,

66 960 422 1028 etlosoappropinquantent,
433 965 641 1015 adsecutrraerttt:
653 964 977 1029 jaurMariusCelsusbaurl

66 1032 125 1082 laeta
140 1036 277 1085 retulerat:
268 1054 366 1100 quum
378 1039 436 1099 alii,
448 1041 496 1087 niu
506 1040 630 1104 palatium
643 1039 740 1097 redire,
756 1040 810 1093 ulti
822 1039 978 1105 Capitolium

64 1120 170 1174 petere,
186 1111 310 1181 plerique
325 1122 403 1159 rostra
422 1074 567 1197 bpoupanda
578 1132 593 1163 ι)
611 1125 757 1169 conserent,
774 1114 862 1179 plures
878 1111 978 1161 tautitru

66 1184 201 1231 sententiis
212 1184 322 1233 aliorum
333 1175 551 1243 contradicerent,
563 1198 638 1250 utque
652 1188 738 1233 evenit
750 1186 775 1233 in
789 1187 901 1235 consiliis
911 1184 978 1234 inle-

66 1254 180 1309 lioibus,
198 1258 293 1321 optima
310 1257 457 1305 viderentur
463 1256 845 1321 ffquorurntempusellugerat.
862 1258 976 1321 Agitasse

66 1325 172 1383 Laco,
167 1344 252 1392 rgnaro
264 1328 360 1391 Galba,
371 1328 403 1377 de
413 1291 593 1377 occidendo‘l’.
604 1327 681 1377 Vinio
691 1327 824 1386 dicitur,
807 1345 859 1377 arve
870 1342 896 1379 ut
905 1348 977 1396 poena

66 1400 125 1463 ejus
137 1405 235 1450 animos
247 1403 358 1451 militum
370 1404 509 1459 mulceret,
522 1417 567 1449 sett
579 1403 710 1449 consciunt
724 1400 831 1451 Othonis
843 1404 976 1467 credebat,

67 1474 103 1524 ad
114 1487 286 1539 postremum,
297 1477 338 1525 vel
350 1475 420 1525 odio.
435 1476 628 1525 Hatitationenr
643 1476 730 1524 attulit
744 1487 842 1542 tempus
854 1492 882 1523 ao
893 1478 979 1547 locus,

66 1549 126 1613 quia
142 1548 214 1597 initio
225 1550 299 1597 caedis
311 1562 384 1604 orto
400 1548 508 1597 difficilis
525 1547 636 1595 modus:
651 1558 676 1595 et
687 1546 821 1597 turbavere
839 1532 976 1601 consilium

69 1620 164 1686 trepidi
182 1622 284 1678 nuntii,
300 1637 329 1670 ao
344 1626 520 1687 proximorum
538 1620 654 1685 diffugia.
669 1620 848 1685 languentibus
863 1625 978 1674 omniurn

67 1694 162 1742 studiis
169 1712 229 1758 ,qur
222 1695 327 1759 prirnb
338 1698 432 1743 alacres
447 1694 522 1743 litlem
534 1705 609 1758 atque
622 1694 736 1741 animum
747 1705 945 1745 ostentaverant

103 1766 160 1817 XL.
172 1766 299 1831 Agebatur
307 1766 357 1816 hus
366 1769 426 1815 illuc
435 1768 525 1822 Galba,
536 1782 605 1815 tarro
615 1754 843 1815 turbatlluotuantis
852 1766 977 1833 impulsu3

68 1841 205 1905 eompletis
221 1840 449 1905 undiqusbasiliois
461 1840 612 1905 acremplis.
626 1840 725 1905 lugubri
738 1851 887 1905 prospectu:
897 1858 978 1906 neque
996 1889 999 1899 ,

70 1916 162 1979 populi
175 1926 219 1963 aut
233 1914 313 1979 plebis
331 1915 382 1961 ulla
397 1930 461 1979 vox,
477 1913 523 1963 sed
538 1914 641 1961 attoniti
654 1914 755 1968 vultus,
769 1923 793 1960 et
809 1930 933 1963 conversae
946 1914 978 1963 ad

51 1988 259 2048 ,ornuirraurest
274 1988 480 2040 nontumultns,
495 1988 647 2050 nonquiest
659 1986 939 2052 qualemagnirnetlrs,
952 2000 978 2038 et

71 2078 169 2127 magnae
182 2065 222 2111 irae
233 2050 361 2110 silentium
374 2072 421 2109 est.
437 2060 534 2108 Othoni
548 2072 630 2109 tamen
647 2079 659 2108 n
670 2065 760 2110 armari
772 2064 893 2127 plebem»
911 2081 978 2112 nun·

70 2138 191 2186 tiabatnr.
205 2137 265 2187 nlre
276 2137 433 2201 praecipites,
442 2146 468 2181 et
477 2150 601 2198 occupare
612 2136 742 2197 pericula»
753 2136 832 2197 jubet.
841 2139 918 2201 Igitur·
928 2141 979 2187 nri·

68 2212 131 2262 lites
140 2214 259 2293 Romani,
269 2227 339 2275 quast
332 2210 505 2293 'Vologesem
515 2220 558 2255 aut
567 2206 704 2257 Pacorum
716 2210 783 2255 avito
793 2206 976 2259 Arsacidarum

71 2264 294 2349 soliotdepulsuri,
306 2299 333 2330 ac
346 2299 397 2329 non
412 2271 594 2345 imperatorem
605 2296 692 2337 suurn,
705 2279 865 2328 inermsmet
876 2297 978 2344 senem,

70 2357 199 2408 trucidare
210 2367 354 2421 pergerent,
366 2356 468 2413 disiecti
480 2355 565 2419 plebe,
575 2350 721 2419 proculcato
732 2365 820 2401 senatu
828 2366 868 2417 ,tr
871 2370 978 2403 nonsar-

70 2432 130 2491 mis,
140 2429 234 2494 rapidrs
241 2430 321 2493 equis,
331 2428 426 2477 losum
421 2437 566 2492 rrrumpuut
575 2444 579 2472 :
589 2444 635 2474 neo
644 2427 978 2492 illosCaprtoliiadapestns,
993 2475 996 2481 ,

71 2516 98 2551 et
109 2504 300 2551 imminentium
312 2502 464 2565 templorum
476 2501 580 2563 religio,
591 2510 616 2546 et
625 2501 718 2563 priores
730 2510 755 2544 et
763 2498 842 2545 luturi
851 2500 979 2562 prinsipes

72 2578 198 2639 terruere,
210 2576 345 2642 quominus
356 2572 467 2624 lacerent
476 2575 573 2635 scelus,
584 2574 655 2636 cuius
667 2573 735 2620 ultor
748 2582 784 2619 est
796 2571 908 2635 quisquis
921 2587 979 2621 aus·

71 2653 156 2702 cessit.

103 2724 172 2775 XLI.
186 2722 249 2773 Viso
260 2722 376 2771 eominus
385 2732 540 2769 armatorum
550 2720 663 2785 agmine,
676 2717 820 2767 vexillarius
832 2719 978 2769 comitantis

72 2798 179 2849 Galbam
192 2796 330 2845 cohortis«
340 2794 458 2859 (Antium
469 2793 642 2859 Vergilionem
654 2793 750 2841 luisse»
765 2792 875 2860 tradunt)
888 2794 979 2859 derep-

71 2863 977 2934 tarnGalbrnitnaginemsoloadllixit.anignomanilestainOtbonem

71 2946 185 2994 omnium
197 2943 306 2992 utilitum
320 2940 417 3002 studia,
431 2942 558 2991 desertum
571 2941 628 3006 lugd
641 2940 728 3007 populi
742 2938 842 2996 lorum,
858 2940 978 2989 deur-iota

71 3017 191 3068 adversus
208 3016 354 3065 dubitantes
364 3014 421 3063 tela.
439 3016 514 3063 Juxta
523 3014 605 3063 Curtii
615 3016 696 3061 lacum
704 3012 889 3079 ,trepidatione
900 3011 980 3060 feren·

72 3093 136 3141 tium
152 3089 232 3139 Galba
246 3094 371 3157 proiectus
385 3104 398 3135 e
412 3089 488 3145 sella,
501 3105 529 3135 ao
545 3090 693 3151 provolutus
707 3100 752 3133 eat.
768 3087 911 3133 Extremam
925 3085 980 3148 ejus

71 3180 171 3223 vocent,
195 3164 329 3227 utouique
347 3162 452 3217 odium,
466 3175 509 3234 aut
527 3160 737 3214 adnrirntioluit,
754 3156 980 3223 varieprodidlre.

69 3236 137 3295 Atti,
148 3236 306 3302 suppliciter
302 3231 484 3298 interrogasse,
496 3252 510 3281 n
518 3232 580 3298 qnid
590 3234 649 3281 mali
660 3227 810 3278 meruisset?
823 3247 915 3295 paucos
925 3230 980 3282 alies

73 3310 226 3371 exsolvendo
236 3308 562 3395 donativordeprecatum:
570 3303 983 3425 plures,obtulisqeultropercus·

807 3374 823 3423 5
