2100 3709
80 8 114 61 '14
396 16 421 61 c.
444 23 536 60 corn.
558 18 671 61 utores

81 104 225 165 turio‚mox
239 102 329 153 castris
336 103 483 168 prefectus,
494 103 625 166 antiquam
634 104 773 167 duramque
785 101 905 153 militiam
918 119 991 154 revo-

80 178 169 235 cabat,
185 188 256 225 retur
268 178 351 241 operis
361 192 390 224 ac
399 175 506 235 laboris,
517 188 542 225 et
552 176 583 225 eb
595 177 717 225 immitior
726 212 733 233 ,
742 178 800 240 quia
809 178 973 233 toleraverat.

113 250 187 299 XXI.
208 251 305 299 Horum
322 250 433 299 adventu
445 250 630 314 redintegretur
641 251 747 307 seditio,
760 263 786 299 et
803 254 861 317 vagi
875 254 990 301 circuib·

79 322 143 401 jecta
158 319 352 389 populabantur.
366 322 459 371 Blaesus
470 339 580 387 paucos,
596 323 704 394 maxime
718 324 802 389 praedi
817 338 937 380 onustos.
956 326 991 378 ad

81 394 204 445 terrorem
219 408 378 451 ceterorum,
397 394 471 441 adfici
481 396 653 456 verberibus
673 396 757 445 claudi
776 413 877 446 carcere
897 398 989 465 jubet·

69 484 139 531 *nam
151 472 227 519 etiam
240 481 296 517 tum
310 462 412 533 legato
404 484 417 515 ι
429 471 632 528 centurionibus
644 483 670 520 et
680 471 779 536 optimo
790 473 897 555 quoque
907 474 991 520 maui-

79 543 208 607 pulsrinm
226 541 369 607 parebatur.
386 539 429 588 Illi
444 541 526 591 obniti
541 543 716 604 trahentibus,
733 560 852 609 prensare
875 545 990 593 circnm-

76 621 199 667 etantium
208 618 371 683 genua‚ciere
380 616 458 666 mode
467 621 750 685 nominaringuiorum‚
759 616 837 667 mode
847 620 991 668 centuriam

43 754 46 759 Ι
79 693 199 757 quisque,
217 690 288 755 cujus
303 691 467 756 manipularis
485 704 553 757 erut,
572 693 717 751 cohortem,
733 691 874 757 legionem,
895 694 991 744 eadem

80 768 223 817 omnibus'
213 767 350 816 imminere
360 764 535 815 clamitantes.
529 769 623 816 ·simul
634 766 741 833 probra'
736 784 762 813 ιιι
768 766 885 833 legatum
897 782 989 815 cumu-

78 836 146 897 lant,
159 840 249 888 coelum
262 856 291 887 ac
296 838 361 888 deos
371 838 544 903 obtestantur,
556 841 619 890 nihil
626 841 721 927 reliqui
731 840 839 901 faciunt,
852 838 989 903 quominus

75 908 218 971 ‘invidiam
235 912 451 973 misericordiam,
463 926 576 978 metum,
592 926 617 964 et
626 931 674 964 tras
687 924 874 979 permoverent
887 912 990 960 Adcur-

77 984 145 1035 ritur
158 987 190 1035 ab
202 988 336 1045 universis,
351 999 378 1038 et
389 1004 486 1038 carcere
498 988 616 1047 effracto,
628 970 731 1037 solvunt
747 986 859 1049 vincula3
872 984 990 1037 deserto

40 1081 49 1095 ·
76 1059 169 1122 resque
178 1077 206 1109 ec
214 1063 457 1127 rerumlcapitslium
468 1062 602 1112 damnatos
615 1062 690 1125 ,sibi
685 1078 733 1124 prm
745 1062 863 1119 miscent.

72 1140 79 1149 ”
112 1132 201 1181 XXII.
217 1132 374 1201 Flagrantior
385 1134 443 1185 inde
455 1139 501 1196 vis,
510 1138 596 1203 plures
605 1134 726 1185 seditioni
740 1131 817 1182 duces
831 1150 837 1181 ι
849 1142 875 1180 et
884 1130 990 1180 Vibule-

42 1264 46 1278 ,
79 1220 128 1255 nus
143 1204 248 1270 quidam
264 1210 391 1273 gregarius
407 1210 497 1269 miles,
515 1222 573 1261 ante
591 1208 701 1259 tribunal
712 1208 785 1256 Blaesi
796 1205 928 1254 adlevatur
939 1206 991 1253 cirh

76 1281 261 1329 'cunrstantium
272 1280 398 1346 humeris,
412 1282 479 1348 apud
494 1282 609 1332 turbator
616 1321 624 1344 ,
637 1293 663 1329 et
673 1279 735 1345 quid
745 1291 845 1344 peraret
860 1280 988 1327 intentos:

76 1362 96 1401 'u
109 1351 291 1419 Vos'quidem,
307 1356 405 1420 inquit,
418 1356 458 1407 hie
470 1357 647 1406 innocentibus
661 1367 686 1402 et
698 1352 848 1401 miserrimis
863 1353 949 1400 lucem
964 1363 992 1400 et

77 1427 200 1493 'spiritum
211 1430 369 1479 reddidistis:
383 1430 425 1479 sed
437 1433 516 1497 quis
502 1431 639 1483 fra'trimeo'
647 1431 735 1488 vitam,
747 1424 804 1491 quis
810 1424 914 1476 Iratrem
926 1422 992 1473 milri

80 1499 183 1552 reddit?
191 1521 266 1568 quem
273 1504 483 1556 misenmadr'os
475 1524 489 1555 a
496 1506 649 1555 Germanico
654 1516 765 1549 exercitu
771 1502 802 1547 de
812 1500 991 1547 communibus

81 1576 236 1637 commodis,
250 1592 325 1629 nocte
335 1581 453 1641 proxirnt
463 1576 587 1637 jugulavit
593 1589 638 1635 per
644 1570 880 1633 gladiatorseuos
890 1587 954 1633 qnos
966 1573 992 1620 in

77 1648 188 1696 exitium
199 1651 319 1696 militum
322 1648 585 1709 habeturqueppmat.
597 1640 749 1706 Responde,
759 1640 852 1697 Riese,
862 1636 993 1692 ubieada·
1044 1691 1045 1706 ¹

80 1734 127 1768 ver
136 1718 311 1782 abiecerisIne
319 1716 511 1780 hostesquidem
519 1713 787 1781 sepulturreinvidentz
798 1728 876 1775 qutun
888 1719 992 1777 osculis,

13 1788 17 1793 ¹
83 1808 162 1856 quum
173 1794 291 1861 lacrymis
302 1793 419 1840 dolorem
429 1807 516 1839 meum
530 1790 680 1855 implevero
696 1803 737 1834 me
752 1790 993 1849 quoquetruoidare

81 1864 157 1929 jube;
173 1864 235 1913 dirui
244 1865 387 1915 interiectos
401 1864 500 1912 nullum
511 1863 545 1911 ob
556 1862 651 1921 scelus,
664 1857 709 1909 sed
718 1857 784 1926 quia
794 1859 899 1909 utilitati
909 1862 994 1931 legio·

82 1954 146 1987 num
157 1940 362 1997 consulebamus,
368 1938 394 1987 Iu
406 1937 558 2002 sepeliantu.

86 2035 92 2049 =
116 2011 217 2061 XXIII.
235 2012 389 2063 Incendebat
399 2010 451 2059 liare
462 2012 523 2059 fletu
533 2047 540 2069 ,
552 2021 578 2059 et
587 2019 676 2076 pectus
686 2019 761 2072 atque
769 2024 798 2057 oe
809 2007 927 2057 manibus
938 2024 993 2057 rer·
1043 2045 1044 2074 p

83 2084 188 2137 berane:
199 2102 259 2135 mox
269 2086 378 2149 disiectis
387 2101 546 2151 quorumper
554 2083 675 2133 humeros
680 2083 860 2139 sustinebatur,
870 2098 992 2147 praeceps,
1043 2091 1044 2126 ι

83 2168 110 2205 et
124 2158 281 2223 singulorum
301 2158 408 2223 pedibus
423 2158 568 2219 advolutus,
587 2155 687 2206 tantiam
700 2156 911 2204 consternationis
927 2157 994 2203 iuri.

84 2229 180 2295 dieque
200 2233 327 2291 concivit,
352 2243 381 2279 ut
400 2249 458 2298 pars
478 2233 607 2288 militum,
624 2228 776 2294 gladiatores
791 2230 835 2292 qui
852 2227 867 2275 ὲ
885 2230 993 2278 servitio

83 2304 158 2353 Blaesi
165 2316 308 2370 erent,pars
314 2316 423 2353 ceteram
429 2304 669 2369 ejusdemfsmiliam
677 2304 817 2363 vincirent,
828 2302 871 2349 alii
879 2301 912 2351 sd
920 2320 994 2367 qute-

81 2376 191 2427 rendum
202 2394 294 2444 corpus
306 2377 500 2429 effunderentur.
511 2377 707 2443 Aoniproperlr,
716 2383 899 2439 nequecorpus
910 2378 992 2427 ullum

83 2452 204 2518 reperiri,
213 2464 240 2501 et
250 2470 350 2512 servos,
360 2452 481 2506 adhibitis
490 2453 643 2502 cruciatibus
652 2489 661 2515 ,
671 2452 781 2499 'abnuere
789 2448 895 2507 cedern,
908 2465 991 2515 neque
1042 2503 1043 2506 Ἴ

82 2524 123 2573 illi
136 2524 212 2575 fuisse
231 2546 342 2593 unquam
354 2527 458 2577 fratrem
470 2529 653 2593 pernotuisset,
666 2523 734 2571 haud
744 2521 853 2571 multum
867 2523 898 2571 ab
912 2526 992 2573 exitio
1042 2547 1043 2588 ι

83 2597 162 2661 legati
173 2600 285 2648 aberant.
298 2600 425 2648 Tribunos
440 2606 536 2653 tamen,
554 2614 583 2645 ac
593 2597 739 2662 prefectum
749 2608 891 2646 castrorum
902 2603 993 2645 extru-

87 2670 150 2719 sdre.
166 2670 272 2721 Sarciuze
284 2671 435 2737 fugientium
446 2672 558 2737 direpte,
568 2684 593 2719 et
606 2673 727 2736 Centurio
737 2667 860 2720 Lucillius
873 2671 993 2719 interfici·

87 2754 142 2802 tur,
155 2745 195 2792 cui
206 2746 361 2795 militaribus
372 2745 469 2793 facetiis
479 2746 648 2803 vocabulum,
660 2745 731 2797 Cedo
747 2744 880 2806 alteram,
892 2743 993 2795 indide-

86 2829 144 2869 rant
155 2840 160 2879 3
173 2821 232 2884 quia
242 2821 318 2871 fracti
329 2823 380 2871 vite
391 2822 416 2869 in
427 2831 497 2888 tergo
507 2821 612 2881 militis,
619 2822 800 2873 alteramclard
810 2835 872 2869 voce
880 2856 888 2879 ‚
897 2837 926 2868 ac
934 2838 994 2878 rur-

86 2890 130 2963 sris
144 2895 218 2943 aliam
237 2898 373 2962 poscebat:
394 2907 490 2946 ceteros
507 2896 608 2947 iatehrae
629 2910 728 2955 texere,
747 2912 798 2945 uno
815 2906 915 2945 retento
933 2896 993 2945 Cle-

87 2979 173 3017 mente
185 2970 269 3027 Iulio‚
284 2974 326 3034 qui
341 2968 496 3037 perferendis
509 2971 621 3019 militum
636 2970 761 3019 mandatis
778 2968 918 3018 habebatur
932 2970 991 3017 ido·
1041 3019 1042 3032 ἶ

87 3058 161 3105 neus,
170 3042 203 3089 ob
210 3056 357 3109 promptum
364 3061 500 3111 ingenium
509 3043 589 3105 Quin
584 3046 712 3111 rpsaeinter
723 3060 749 3093 se
756 3044 867 3107 legiones
873 3056 960 3093 octava
967 3056 993 3093 ot

86 3080 283 3187 quiniadecuma
297 3118 391 3167 ferrum
403 3121 541 3185 parabant,
559 3116 621 3167 dum
635 3118 808 3167 centurionem
823 3121 992 3198 cognomento

69 3188 71 3195 '
88 3180 225 3255 Sirpicum.
238 3188 281 3237 illa
293 3190 369 3238 morti
380 3189 508 3256 deposcit.
522 3186 745 3251 quintadecumani
756 3199 869 3246 tuentur,
880 3188 906 3235 ni
919 3191 992 3239 miles

88 3274 203 3313 nonanus
213 3276 317 3329 preces,
326 3274 352 3315 et
363 3261 496 3318 adversum
509 3263 679 3331 aspernantis,
691 3265 773 3316 mitras
785 3260 968 3327 interjecisset
1040 3287 1041 3328 l
