<?xml version="1.0" encoding="UTF-8"?>
<!DOCTYPE html PUBLIC "-//W3C//DTD XHTML 1.0 Transitional//EN"
    "http://www.w3.org/TR/xhtml1/DTD/xhtml1-transitional.dtd">
<html xmlns="http://www.w3.org/1999/xhtml" xml:lang="en" lang="en">
 <head>
  <title>
</title>
<meta http-equiv="Content-Type" content="text/html;charset=utf-8" />
  <meta name='ocr-system' content='tesseract 3.04.00' />
  <meta name='ocr-capabilities' content='ocr_page ocr_carea ocr_par ocr_line ocrx_word'/>
</head>
<body>
  <div class='ocr_page' id='page_1' title='image "./ccorntacitioper00brotgoog_0262.png"; bbox 0 0 2100 3709; ppageno 0'>
   <div class='ocr_carea' id='block_1_1' title="bbox 328 78 953 134">
    <p class='ocr_par' dir='ltr' id='par_1_1' title="bbox 328 78 953 134">
     <span class='ocr_line' id='line_1_1' title="bbox 328 78 953 134; baseline 0.014 -11"><span class='ocrx_word' id='word_1_1' title='bbox 328 78 508 124; x_wconf 74' lang='grc' dir='ltr'><strong>ιιιιιιιιιιιι</strong></span> <span class='ocrx_word' id='word_1_2' title='bbox 527 83 591 125; x_wconf 86' lang='lat' dir='ltr'>tra.</span> <span class='ocrx_word' id='word_1_3' title='bbox 617 89 688 130; x_wconf 79' lang='lat' dir='ltr'>xrs.</span> <span class='ocrx_word' id='word_1_4' title='bbox 906 79 953 134; x_wconf 77' lang='lat'>261</span> 
     </span>
    </p>
   </div>
   <div class='ocr_carea' id='block_1_2' title="bbox 18 161 989 1332">
    <p class='ocr_par' dir='ltr' id='par_1_2' title="bbox 18 161 989 1255">
     <span class='ocr_line' id='line_1_2' title="bbox 18 161 956 235; baseline 0.012 -20"><span class='ocrx_word' id='word_1_5' title='bbox 18 161 140 231; x_wconf 60' lang='lat' dir='ltr'>villas,</span> <span class='ocrx_word' id='word_1_6' title='bbox 152 166 267 229; x_wconf 81' lang='lat' dir='ltr'>arbusta,</span> <span class='ocrx_word' id='word_1_7' title='bbox 277 167 361 234; x_wconf 79' lang='lat' dir='ltr'>fruges</span> <span class='ocrx_word' id='word_1_8' title='bbox 369 169 462 234; x_wconf 91' lang='lat' dir='ltr'>passim</span> <span class='ocrx_word' id='word_1_9' title='bbox 473 168 589 230; x_wconf 76' lang='lat' dir='ltr'>disjecit:</span> <span class='ocrx_word' id='word_1_10' title='bbox 603 167 759 235; x_wconf 69' lang='lat' dir='ltr'>pertulitque</span> <span class='ocrx_word' id='word_1_11' title='bbox 768 169 914 224; x_wconf 80' lang='lat' dir='ltr'>violentiam</span> <span class='ocrx_word' id='word_1_12' title='bbox 923 177 956 226; x_wconf 88' lang='lat' dir='ltr'>ad</span> 
     </span>
     <span class='ocr_line' id='line_1_3' title="bbox 19 239 969 314; baseline 0.008 -24"><span class='ocrx_word' id='word_1_13' title='bbox 19 239 133 290; x_wconf 62' lang='lat' dir='ltr'>vicina</span> <span class='ocrx_word' id='word_1_14' title='bbox 148 242 222 290; x_wconf 80' lang='lat' dir='ltr'>uibi:</span> <span class='ocrx_word' id='word_1_15' title='bbox 236 243 259 290; x_wconf 91' lang='lat' dir='ltr'>in</span> <span class='ocrx_word' id='word_1_16' title='bbox 273 239 320 305; x_wconf 79' lang='lat' dir='ltr'>qui</span> <span class='ocrx_word' id='word_1_17' title='bbox 332 257 408 290; x_wconf 80' lang='lat' dir='ltr'>omne</span> <span class='ocrx_word' id='word_1_18' title='bbox 418 243 563 290; x_wconf 73' lang='lat' dir='ltr'>mortalium</span> <span class='ocrx_word' id='word_1_19' title='bbox 576 259 656 309; x_wconf 75' lang='lat' dir='ltr'>penus</span> <span class='ocrx_word' id='word_1_20' title='bbox 670 243 708 291; x_wconf 87' lang='lat' dir='ltr'>ris</span> <span class='ocrx_word' id='word_1_21' title='bbox 719 243 866 309; x_wconf 74' lang='lat' dir='ltr'>pestilentie</span> <span class='ocrx_word' id='word_1_22' title='bbox 875 247 969 314; x_wconf 83' lang='lat' dir='ltr'>depo·&#39;</span> 
     </span>
     <span class='ocr_line' id='line_1_4' title="bbox 22 312 958 380; baseline 0.01 -20"><span class='ocrx_word' id='word_1_23' title='bbox 22 312 202 380; x_wconf 81' lang='lat' dir='ltr'>pulahatur,</span> <span class='ocrx_word' id='word_1_24' title='bbox 214 313 284 362; x_wconf 76' lang='lat' dir='ltr'>nulli</span> <span class='ocrx_word' id='word_1_25' title='bbox 293 314 349 360; x_wconf 84' lang='lat' dir='ltr'>coeli</span> <span class='ocrx_word' id='word_1_26' title='bbox 359 314 516 379; x_wconf 75' lang='lat' dir='ltr'>intemperie,</span> <span class='ocrx_word' id='word_1_27' title='bbox 527 332 581 380; x_wconf 77' lang='lat' dir='ltr'>que</span> <span class='ocrx_word' id='word_1_28' title='bbox 590 327 736 364; x_wconf 87' lang='lat' dir='ltr'>occurreret</span> <span class='ocrx_word' id='word_1_29' title='bbox 745 317 836 364; x_wconf 87' lang='lat' dir='ltr'>oculis.</span> <span class='ocrx_word' id='word_1_30' title='bbox 849 319 898 367; x_wconf 86' lang='lat' dir='ltr'>Sed</span> <span class='ocrx_word' id='word_1_31' title='bbox 913 320 958 369; x_wconf 93' lang='lat' dir='ltr'>do·</span> 
     </span>
     <span class='ocr_line' id='line_1_5' title="bbox 25 386 980 459; baseline 0.01 -26"><span class='ocrx_word' id='word_1_32' title='bbox 25 403 109 436; x_wconf 88' lang='lat' dir='ltr'>mus</span> <span class='ocrx_word' id='word_1_33' title='bbox 120 389 271 453; x_wconf 77' lang='lat' dir='ltr'><strong>corporibus</strong></span> <span class='ocrx_word' id='word_1_34' title='bbox 286 387 422 440; x_wconf 81' lang='lat' dir='ltr'>exanimis.</span> <span class='ocrx_word' id='word_1_35' title='bbox 437 387 524 436; x_wconf 88' lang='lat' dir='ltr'>itinera</span> <span class='ocrx_word' id='word_1_36' title='bbox 541 386 673 437; x_wconf 77' lang='lat' dir='ltr'>funeribus</span> <span class='ocrx_word' id='word_1_37' title='bbox 685 388 892 451; x_wconf 76' lang='lat' dir='ltr'>complebantur:</span> <span class='ocrx_word' id='word_1_38' title='bbox 907 411 959 442; x_wconf 89' lang='lat' dir='ltr'>nou</span> <span class='ocrx_word' id='word_1_39' title='bbox 977 452 980 459; x_wconf 33' lang='grc' dir='ltr'><strong><em>Ι</em></strong></span> 
     </span>
     <span class='ocr_line' id='line_1_6' title="bbox 25 460 983 535; baseline -0.001 -28"><span class='ocrx_word' id='word_1_40' title='bbox 25 475 141 521; x_wconf 77' lang='lat' dir='ltr'>sexus,</span> <span class='ocrx_word' id='word_1_41' title='bbox 155 478 206 508; x_wconf 89' lang='lat' dir='ltr'>non</span> <span class='ocrx_word' id='word_1_42' title='bbox 218 473 275 508; x_wconf 74' lang='lat' dir='ltr'>atas</span> <span class='ocrx_word' id='word_1_43' title='bbox 285 460 398 525; x_wconf 88' lang='lat' dir='ltr'>periculo</span> <span class='ocrx_word' id='word_1_44' title='bbox 409 476 486 509; x_wconf 80' lang='lat' dir='ltr'>vacua</span> <span class='ocrx_word' id='word_1_45' title='bbox 498 479 503 509; x_wconf 91' lang='lat'>:</span> <span class='ocrx_word' id='word_1_46' title='bbox 518 463 620 510; x_wconf 84' lang='lat' dir='ltr'>servitia</span> <span class='ocrx_word' id='word_1_47' title='bbox 630 460 735 526; x_wconf 82' lang='lat' dir='ltr'>perinde</span> <span class='ocrx_word' id='word_1_48' title='bbox 748 461 890 528; x_wconf 78' lang='lat' dir='ltr'>etiugenus</span> <span class='ocrx_word' id='word_1_49' title='bbox 902 467 960 531; x_wconf 89' lang='lat' dir='ltr'>ple.</span> <span class='ocrx_word' id='word_1_50' title='bbox 973 493 983 535; x_wconf 78' lang='lat' dir='ltr'>&#39;r</span> 
     </span>
     <span class='ocr_line' id='line_1_7' title="bbox 25 531 983 611; baseline 0.005 -28"><span class='ocrx_word' id='word_1_51' title='bbox 25 535 95 583; x_wconf 83' lang='lat' dir='ltr'>bes</span> <span class='ocrx_word' id='word_1_52' title='bbox 105 539 198 600; x_wconf 89' lang='lat' dir='ltr'>raptim</span> <span class='ocrx_word' id='word_1_53' title='bbox 212 536 350 599; x_wconf 72' lang='lat' dir='ltr'>exstingui,</span> <span class='ocrx_word' id='word_1_54' title='bbox 359 531 425 583; x_wconf 89' lang='lat' dir='ltr'>inter</span> <span class='ocrx_word' id='word_1_55' title='bbox 435 536 573 602; x_wconf 73' lang='lat' dir='ltr'>coniugum</span> <span class='ocrx_word' id='word_1_56' title='bbox 581 547 607 583; x_wconf 95' lang='lat' dir='ltr'>et</span> <span class='ocrx_word' id='word_1_57' title='bbox 616 535 754 583; x_wconf 87' lang='lat' dir='ltr'>liberorum</span> <span class='ocrx_word' id='word_1_58' title='bbox 764 536 889 603; x_wconf 66' lang='lat' dir='ltr'>lamenta,</span> <span class='ocrx_word' id='word_1_59' title='bbox 902 540 961 602; x_wconf 88' lang='lat' dir='ltr'>qui,</span> <span class='ocrx_word' id='word_1_60' title='bbox 978 566 983 611; x_wconf 65' lang='grc'>1</span> 
     </span>
     <span class='ocr_line' id='line_1_8' title="bbox 28 607 985 679; baseline 0.006 -24"><span class='ocrx_word' id='word_1_61' title='bbox 28 607 113 656; x_wconf 85' lang='lat' dir='ltr'>dum</span> <span class='ocrx_word' id='word_1_62' title='bbox 124 607 250 664; x_wconf 78' lang='lat' dir='ltr'>adsident,</span> <span class='ocrx_word' id='word_1_63' title='bbox 261 607 322 656; x_wconf 86' lang='lat' dir='ltr'>dnm</span> <span class='ocrx_word' id='word_1_64' title='bbox 332 608 435 670; x_wconf 85' lang='lat' dir='ltr'>deflent,</span> <span class='ocrx_word' id='word_1_65' title='bbox 445 611 508 676; x_wconf 79' lang='lat' dir='ltr'>stepb</span> <span class='ocrx_word' id='word_1_66' title='bbox 515 609 604 659; x_wconf 84' lang='lat' dir='ltr'>eodem</span> <span class='ocrx_word' id='word_1_67' title='bbox 613 625 676 674; x_wconf 82' lang='lat' dir='ltr'>rogo</span> <span class='ocrx_word' id='word_1_68' title='bbox 686 610 871 660; x_wconf 86' lang='lat' dir='ltr'>cremabantur.</span> <span class='ocrx_word' id='word_1_69' title='bbox 879 614 962 676; x_wconf 82' lang='lat' dir='ltr'>Equi·</span> <span class='ocrx_word' id='word_1_70' title='bbox 979 622 985 679; x_wconf 78' lang='lat'>¹,</span> 
     </span>
     <span class='ocr_line' id='line_1_9' title="bbox 29 682 986 750; baseline 0.004 -21"><span class='ocrx_word' id='word_1_71' title='bbox 29 693 106 730; x_wconf 88' lang='lat' dir='ltr'>tum</span> <span class='ocrx_word' id='word_1_72' title='bbox 122 695 320 746; x_wconf 86' lang='lat' dir='ltr'>senatorumque</span> <span class='ocrx_word' id='word_1_73' title='bbox 330 683 461 744; x_wconf 88' lang='lat' dir='ltr'>interitus,</span> <span class='ocrx_word' id='word_1_74' title='bbox 474 685 589 748; x_wconf 83' lang='lat' dir='ltr'>quamvis</span> <span class='ocrx_word' id='word_1_75' title='bbox 600 683 754 750; x_wconf 87' lang='lat' dir='ltr'>promiscui,</span> <span class='ocrx_word' id='word_1_76' title='bbox 768 682 852 734; x_wconf 80' lang='lat' dir='ltr'>miut&#39;ts</span> <span class='ocrx_word' id='word_1_77' title='bbox 864 686 962 736; x_wconf 80' lang='lat' dir='ltr'>debiles</span> <span class='ocrx_word' id='word_1_78' title='bbox 981 687 986 733; x_wconf 91' lang='lat' dir='ltr'>l</span> 
     </span>
     <span class='ocr_line' id='line_1_10' title="bbox 30 753 989 828; baseline 0.005 -22"><span class='ocrx_word' id='word_1_79' title='bbox 30 769 125 806; x_wconf 80' lang='lat' dir='ltr'>eraut</span> <span class='ocrx_word' id='word_1_80' title='bbox 135 795 141 816; x_wconf 94' lang='lat'>,</span> <span class='ocrx_word' id='word_1_81' title='bbox 152 770 271 823; x_wconf 88' lang='lat' dir='ltr'>tanquam</span> <span class='ocrx_word' id='word_1_82' title='bbox 282 761 412 808; x_wconf 86' lang='lat' dir='ltr'>communi</span> <span class='ocrx_word' id='word_1_83' title='bbox 427 761 582 810; x_wconf 76' lang='lat' dir='ltr'>mortalitate</span> <span class='ocrx_word' id='word_1_84' title='bbox 598 760 719 809; x_wconf 78' lang='lat' dir='ltr'>sevitiam</span> <span class='ocrx_word' id='word_1_85' title='bbox 730 760 853 828; x_wconf 86' lang='lat' dir='ltr'>principis</span> <span class='ocrx_word' id='word_1_86' title='bbox 862 753 989 827; x_wconf 62' lang='lat' dir='ltr'>praere-a</span> 
     </span>
     <span class='ocr_line' id='line_1_11' title="bbox 30 831 963 899; baseline 0.008 -20"><span class='ocrx_word' id='word_1_87' title='bbox 30 831 145 880; x_wconf 86' lang='lat' dir='ltr'>nireut.</span> <span class='ocrx_word' id='word_1_88' title='bbox 162 831 259 882; x_wconf 86' lang='lat' dir='ltr'>Eodem</span> <span class='ocrx_word' id='word_1_89' title='bbox 276 847 342 880; x_wconf 89' lang='lat' dir='ltr'>anno</span> <span class='ocrx_word' id='word_1_90' title='bbox 359 831 472 882; x_wconf 85' lang='lat' dir='ltr'>delectus</span> <span class='ocrx_word' id='word_1_91' title='bbox 487 850 532 899; x_wconf 88' lang='lat' dir='ltr'>per</span> <span class='ocrx_word' id='word_1_92' title='bbox 545 833 655 881; x_wconf 81' lang='lat' dir='ltr'>Galliam</span> <span class='ocrx_word' id='word_1_93' title='bbox 673 831 876 892; x_wconf 85' lang='lat' dir='ltr'>Narbonensem,</span> <span class='ocrx_word' id='word_1_94' title='bbox 891 834 963 886; x_wconf 80' lang='lat' dir='ltr'>Atri-</span> 
     </span>
     <span class='ocr_line' id='line_1_12' title="bbox 34 904 962 972; baseline 0.006 -18"><span class='ocrx_word' id='word_1_95' title='bbox 34 921 159 970; x_wconf 86' lang='lat' dir='ltr'>camque</span> <span class='ocrx_word' id='word_1_96' title='bbox 169 904 289 955; x_wconf 86' lang='lat' dir='ltr'>ctAsiam</span> <span class='ocrx_word' id='word_1_97' title='bbox 298 942 305 964; x_wconf 91' lang='lat'>,</span> <span class='ocrx_word' id='word_1_98' title='bbox 315 905 395 954; x_wconf 89' lang='lat' dir='ltr'>babiti</span> <span class='ocrx_word' id='word_1_99' title='bbox 408 918 480 966; x_wconf 83' lang='lat' dir='ltr'>srrnt,</span> <span class='ocrx_word' id='word_1_100' title='bbox 493 905 641 972; x_wconf 87' lang='lat' dir='ltr'>supplendis</span> <span class='ocrx_word' id='word_1_101' title='bbox 650 905 746 972; x_wconf 72' lang='lat' dir='ltr'>lllyrici</span> <span class='ocrx_word' id='word_1_102' title='bbox 758 908 916 972; x_wconf 74' lang='lat' dir='ltr'>legionibus,</span> <span class='ocrx_word' id='word_1_103' title='bbox 931 914 962 960; x_wconf 79' lang='lat' dir='ltr'>ex</span> 
     </span>
     <span class='ocr_line' id='line_1_13' title="bbox 36 977 963 1044; baseline 0.004 -16"><span class='ocrx_word' id='word_1_104' title='bbox 36 979 146 1044; x_wconf 89' lang='lat' dir='ltr'>quibus</span> <span class='ocrx_word' id='word_1_105' title='bbox 161 991 231 1028; x_wconf 76' lang='lat' dir='ltr'>atate</span> <span class='ocrx_word' id='word_1_106' title='bbox 242 991 286 1027; x_wconf 90' lang='lat' dir='ltr'>aut</span> <span class='ocrx_word' id='word_1_107' title='bbox 297 979 443 1028; x_wconf 81' lang='lat' dir='ltr'>valetudiue</span> <span class='ocrx_word' id='word_1_108' title='bbox 457 977 532 1040; x_wconf 85' lang='lat' dir='ltr'>lessi&#39;,</span> <span class='ocrx_word' id='word_1_109' title='bbox 548 981 890 1030; x_wconf 83' lang='lat' dir='ltr'>sacramentosolrebantur.</span> <span class='ocrx_word' id='word_1_110' title='bbox 902 984 963 1032; x_wconf 81' lang='lat' dir='ltr'>cta·</span> 
     </span>
     <span class='ocr_line' id='line_1_14' title="bbox 38 1053 963 1124; baseline 0.005 -21"><span class='ocrx_word' id='word_1_111' title='bbox 38 1055 113 1105; x_wconf 84' lang='lat' dir='ltr'>dem</span> <span class='ocrx_word' id='word_1_112' title='bbox 129 1053 324 1120; x_wconf 80' lang='lat' dir='ltr'>Lugdunensem</span> <span class='ocrx_word' id='word_1_113' title='bbox 339 1053 487 1118; x_wconf 69' lang='lat' dir='ltr'>quadragies</span> <span class='ocrx_word' id='word_1_114' title='bbox 501 1055 616 1104; x_wconf 85' lang='lat' dir='ltr'>sestertio</span> <span class='ocrx_word' id='word_1_115' title='bbox 629 1055 725 1104; x_wconf 88' lang='lat' dir='ltr'>solatus</span> <span class='ocrx_word' id='word_1_116' title='bbox 736 1066 775 1104; x_wconf 88' lang='lat' dir='ltr'>est</span> <span class='ocrx_word' id='word_1_117' title='bbox 792 1057 921 1124; x_wconf 86' lang='lat' dir='ltr'>princeps,</span> <span class='ocrx_word' id='word_1_118' title='bbox 934 1071 963 1110; x_wconf 88' lang='lat' dir='ltr'>ut</span> 
     </span>
     <span class='ocr_line' id='line_1_15' title="bbox 38 1125 964 1192; baseline 0.005 -15"><span class='ocrx_word' id='word_1_119' title='bbox 38 1129 144 1177; x_wconf 80' lang='lat' dir='ltr'>amissa</span> <span class='ocrx_word' id='word_1_120' title='bbox 157 1127 211 1174; x_wconf 88' lang='lat' dir='ltr'>urbi</span> <span class='ocrx_word' id='word_1_121' title='bbox 220 1136 385 1191; x_wconf 86' lang='lat' dir='ltr'>reponerent:</span> <span class='ocrx_word' id='word_1_122' title='bbox 395 1141 471 1188; x_wconf 84' lang='lat' dir='ltr'>quarn</span> <span class='ocrx_word' id='word_1_123' title='bbox 481 1128 616 1192; x_wconf 85' lang='lat' dir='ltr'>pecuniam</span> <span class='ocrx_word' id='word_1_124' title='bbox 626 1125 806 1192; x_wconf 74' lang='lat' dir='ltr'>Lugdunenses</span> <span class='ocrx_word' id='word_1_125' title='bbox 817 1130 875 1178; x_wconf 75' lang='lat' dir='ltr'>ante</span> <span class='ocrx_word' id='word_1_126' title='bbox 884 1132 964 1182; x_wconf 89' lang='lat' dir='ltr'>obtu-</span> 
     </span>
     <span class='ocr_line' id='line_1_16' title="bbox 37 1197 388 1255; baseline -0.017 -5"><span class='ocrx_word' id='word_1_127' title='bbox 37 1203 136 1250; x_wconf 82' lang='lat' dir='ltr'>lerant</span> <span class='ocrx_word' id='word_1_128' title='bbox 146 1235 152 1255; x_wconf 84' lang='lat'>.</span> <span class='ocrx_word' id='word_1_129' title='bbox 161 1198 270 1250; x_wconf 81' lang='lat' dir='ltr'>turbidis</span> <span class='ocrx_word' id='word_1_130' title='bbox 279 1197 388 1246; x_wconf 87' lang='lat' dir='ltr'>casibus.</span> 
     </span>
    </p>

    <p class='ocr_par' dir='ltr' id='par_1_3' title="bbox 82 1269 964 1332">
     <span class='ocr_line' id='line_1_17' title="bbox 82 1269 964 1332; baseline 0.003 -9"><span class='ocrx_word' id='word_1_131' title='bbox 82 1271 159 1323; x_wconf 84' lang='lat' dir='ltr'>xlv.</span> <span class='ocrx_word' id='word_1_132' title='bbox 173 1273 204 1321; x_wconf 87' lang='lat' dir='ltr'>O.</span> <span class='ocrx_word' id='word_1_133' title='bbox 214 1271 346 1328; x_wconf 83' lang='lat' dir='ltr'>Suetonio,</span> <span class='ocrx_word' id='word_1_134' title='bbox 357 1269 387 1318; x_wconf 77' lang='lat' dir='ltr'>L.</span> <span class='ocrx_word' id='word_1_135' title='bbox 397 1269 516 1320; x_wconf 82' lang='lat' dir='ltr'>Telesino</span> <span class='ocrx_word' id='word_1_136' title='bbox 527 1288 593 1321; x_wconf 89' lang='lat' dir='ltr'>coss.</span> <span class='ocrx_word' id='word_1_137' title='bbox 604 1271 729 1323; x_wconf 76' lang='lat' dir='ltr'>Antistius</span> <span class='ocrx_word' id='word_1_138' title='bbox 737 1275 872 1332; x_wconf 72' lang='lat' dir='ltr'>bosianus,</span> <span class='ocrx_word' id='word_1_139' title='bbox 886 1275 964 1326; x_wconf 84' lang='lat' dir='ltr'>iacti-</span> 
     </span>
    </p>
   </div>
   <div class='ocr_carea' id='block_1_3' title="bbox 9 1349 1000 3406">
    <p class='ocr_par' dir='ltr' id='par_1_4' title="bbox 9 1349 1000 3406">
     <span class='ocr_line' id='line_1_18' title="bbox 43 1349 960 1417; baseline 0.005 -17"><span class='ocrx_word' id='word_1_140' title='bbox 43 1353 113 1400; x_wconf 90' lang='lat' dir='ltr'>tatis</span> <span class='ocrx_word' id='word_1_141' title='bbox 131 1352 158 1400; x_wconf 89' lang='lat' dir='ltr'>in</span> <span class='ocrx_word' id='word_1_142' title='bbox 170 1351 298 1401; x_wconf 87' lang='lat' dir='ltr'>Neronem</span> <span class='ocrx_word' id='word_1_143' title='bbox 311 1349 465 1400; x_wconf 78' lang='lat' dir='ltr'>carminibus</span> <span class='ocrx_word' id='word_1_144' title='bbox 475 1353 602 1417; x_wconf 89' lang='lat' dir='ltr'>probrosis</span> <span class='ocrx_word' id='word_1_145' title='bbox 612 1389 618 1410; x_wconf 92' lang='lat'>,</span> <span class='ocrx_word' id='word_1_146' title='bbox 627 1355 731 1414; x_wconf 79' lang='lat' dir='ltr'>exsilio,</span> <span class='ocrx_word' id='word_1_147' title='bbox 743 1367 771 1403; x_wconf 90' lang='lat' dir='ltr'>ut</span> <span class='ocrx_word' id='word_1_148' title='bbox 783 1355 849 1415; x_wconf 83' lang='lat' dir='ltr'>dixi,</span> <span class='ocrx_word' id='word_1_149' title='bbox 864 1359 960 1406; x_wconf 87' lang='lat' dir='ltr'>mults-</span> 
     </span>
     <span class='ocr_line' id='line_1_19' title="bbox 43 1421 963 1495; baseline 0.004 -20"><span class='ocrx_word' id='word_1_150' title='bbox 43 1438 109 1482; x_wconf 86' lang='lat' dir='ltr'>tus,</span> <span class='ocrx_word' id='word_1_151' title='bbox 122 1437 258 1490; x_wconf 86' lang='lat' dir='ltr'>postquam</span> <span class='ocrx_word' id='word_1_152' title='bbox 267 1423 295 1471; x_wconf 93' lang='lat' dir='ltr'>id</span> <span class='ocrx_word' id='word_1_153' title='bbox 304 1423 407 1471; x_wconf 87' lang='lat' dir='ltr'>honoris</span> <span class='ocrx_word' id='word_1_154' title='bbox 421 1421 562 1483; x_wconf 90' lang='lat' dir='ltr'>indicibus,</span> <span class='ocrx_word' id='word_1_155' title='bbox 573 1437 675 1488; x_wconf 84' lang='lat' dir='ltr'>tamque</span> <span class='ocrx_word' id='word_1_156' title='bbox 686 1440 830 1491; x_wconf 87' lang='lat' dir='ltr'>promptum</span> <span class='ocrx_word' id='word_1_157' title='bbox 840 1428 873 1476; x_wconf 89' lang='lat' dir='ltr'>sd</span> <span class='ocrx_word' id='word_1_158' title='bbox 884 1429 963 1495; x_wconf 82' lang='lat' dir='ltr'>cades</span> 
     </span>
     <span class='ocr_line' id='line_1_20' title="bbox 45 1496 962 1566; baseline 0.004 -20"><span class='ocrx_word' id='word_1_159' title='bbox 45 1499 198 1564; x_wconf 86' lang='lat' dir='ltr'>principem</span> <span class='ocrx_word' id='word_1_160' title='bbox 217 1498 326 1564; x_wconf 84' lang='lat' dir='ltr'>accepit,</span> <span class='ocrx_word' id='word_1_161' title='bbox 342 1496 440 1560; x_wconf 76' lang='lat' dir='ltr'>inquies</span> <span class='ocrx_word' id='word_1_162' title='bbox 454 1498 556 1553; x_wconf 88' lang='lat' dir='ltr'>auimo,</span> <span class='ocrx_word' id='word_1_163' title='bbox 572 1510 600 1546; x_wconf 89' lang='lat' dir='ltr'>et</span> <span class='ocrx_word' id='word_1_164' title='bbox 613 1496 773 1546; x_wconf 82' lang='lat' dir='ltr'>occasionum</span> <span class='ocrx_word' id='word_1_165' title='bbox 786 1498 852 1548; x_wconf 90' lang='lat' dir='ltr'>baud</span> <span class='ocrx_word' id='word_1_166' title='bbox 865 1504 962 1566; x_wconf 76' lang='lat' dir='ltr'>segnis,</span> 
     </span>
     <span class='ocr_line' id='line_1_21' title="bbox 9 1569 962 1639; baseline 0.001 -19"><span class='ocrx_word' id='word_1_167' title='bbox 9 1571 11 1576; x_wconf 77' lang='grc'>’</span> <span class='ocrx_word' id='word_1_168' title='bbox 47 1572 234 1634; x_wconf 83' lang='lat' dir='ltr'>Pammenem,</span> <span class='ocrx_word' id='word_1_169' title='bbox 242 1569 355 1633; x_wconf 73' lang='lat' dir='ltr'>eiusdem</span> <span class='ocrx_word' id='word_1_170' title='bbox 363 1569 411 1617; x_wconf 91' lang='lat' dir='ltr'>loci</span> <span class='ocrx_word' id='word_1_171' title='bbox 420 1571 543 1627; x_wconf 83' lang='lat' dir='ltr'>exsulem,</span> <span class='ocrx_word' id='word_1_172' title='bbox 552 1569 760 1620; x_wconf 78' lang='lat' dir='ltr'>ethsldeorum</span> <span class='ocrx_word' id='word_1_173' title='bbox 767 1583 820 1620; x_wconf 84' lang='lat' dir='ltr'>arte</span> <span class='ocrx_word' id='word_1_174' title='bbox 827 1570 962 1639; x_wconf 76' lang='lat' dir='ltr'>famosum,</span> 
     </span>
     <span class='ocr_line' id='line_1_22' title="bbox 46 1643 964 1710; baseline 0.003 -18"><span class='ocrx_word' id='word_1_175' title='bbox 46 1643 135 1710; x_wconf 81' lang='lat' dir='ltr'>edque</span> <span class='ocrx_word' id='word_1_176' title='bbox 155 1645 295 1694; x_wconf 89' lang='lat' dir='ltr'>multorum</span> <span class='ocrx_word' id='word_1_177' title='bbox 315 1643 434 1692; x_wconf 84' lang='lat' dir='ltr'>amicitiis</span> <span class='ocrx_word' id='word_1_178' title='bbox 447 1645 589 1706; x_wconf 85' lang='lat' dir='ltr'>innexum,</span> <span class='ocrx_word' id='word_1_179' title='bbox 605 1645 770 1693; x_wconf 89' lang='lat' dir='ltr'>similitudine</span> <span class='ocrx_word' id='word_1_180' title='bbox 790 1644 896 1694; x_wconf 78' lang='lat' dir='ltr'>fortune</span> <span class='ocrx_word' id='word_1_181' title='bbox 915 1645 964 1695; x_wconf 91' lang='lat' dir='ltr'>sibi</span> 
     </span>
     <span class='ocr_line' id='line_1_23' title="bbox 47 1713 964 1780; baseline 0.002 -15"><span class='ocrx_word' id='word_1_182' title='bbox 47 1717 186 1767; x_wconf 82' lang='lat' dir='ltr'>conciliat.</span> <span class='ocrx_word' id='word_1_183' title='bbox 196 1717 330 1769; x_wconf 77' lang='lat' dir='ltr'>ventitare</span> <span class='ocrx_word' id='word_1_184' title='bbox 342 1713 375 1762; x_wconf 85' lang='lat' dir='ltr'>ad</span> <span class='ocrx_word' id='word_1_185' title='bbox 383 1731 442 1764; x_wconf 88' lang='lat' dir='ltr'>eum</span> <span class='ocrx_word' id='word_1_186' title='bbox 449 1718 569 1780; x_wconf 78' lang='lat' dir='ltr'>nuntios,</span> <span class='ocrx_word' id='word_1_187' title='bbox 582 1729 608 1766; x_wconf 86' lang='lat' dir='ltr'>et</span> <span class='ocrx_word' id='word_1_188' title='bbox 617 1717 816 1765; x_wconf 82' lang='lat' dir='ltr'>consultationes</span> <span class='ocrx_word' id='word_1_189' title='bbox 831 1733 882 1766; x_wconf 90' lang='lat' dir='ltr'>uon</span> <span class='ocrx_word' id='word_1_190' title='bbox 894 1717 964 1767; x_wconf 83' lang='lat' dir='ltr'>irus-</span> 
     </span>
     <span class='ocr_line' id='line_1_24' title="bbox 47 1783 962 1858; baseline -0.002 -18"><span class='ocrx_word' id='word_1_191' title='bbox 47 1790 188 1850; x_wconf 75' lang='lat' dir='ltr'>aritretus,</span> <span class='ocrx_word' id='word_1_192' title='bbox 203 1791 279 1840; x_wconf 89' lang='lat' dir='ltr'>simul</span> <span class='ocrx_word' id='word_1_193' title='bbox 296 1807 405 1840; x_wconf 84' lang='lat' dir='ltr'>annuam</span> <span class='ocrx_word' id='word_1_194' title='bbox 421 1791 583 1856; x_wconf 80' lang='lat' dir='ltr'>pecuniaml</span> <span class='ocrx_word' id='word_1_195' title='bbox 599 1789 628 1840; x_wconf 87' lang='lat' dir='ltr'>P.</span> <span class='ocrx_word' id='word_1_196' title='bbox 642 1791 734 1842; x_wconf 77' lang='lat' dir='ltr'>Anteio</span> <span class='ocrx_word' id='word_1_197' title='bbox 751 1792 889 1840; x_wconf 85' lang='lat' dir='ltr'>ministrari</span> <span class='ocrx_word' id='word_1_198' title='bbox 901 1783 962 1858; x_wconf 68' lang='lat' dir='ltr'>rog-</span> 
     </span>
     <span class='ocr_line' id='line_1_25' title="bbox 47 1863 963 1932; baseline 0 -18"><span class='ocrx_word' id='word_1_199' title='bbox 47 1867 149 1914; x_wconf 84' lang='lat' dir='ltr'>noscit.</span> <span class='ocrx_word' id='word_1_200' title='bbox 159 1865 247 1928; x_wconf 87' lang='lat' dir='ltr'>Neque</span> <span class='ocrx_word' id='word_1_201' title='bbox 256 1867 369 1913; x_wconf 84' lang='lat' dir='ltr'>nescium</span> <span class='ocrx_word' id='word_1_202' title='bbox 379 1863 503 1923; x_wconf 84' lang='lat' dir='ltr'>babebat,</span> <span class='ocrx_word' id='word_1_203' title='bbox 520 1868 643 1915; x_wconf 82' lang='lat' dir='ltr'>Anteium</span> <span class='ocrx_word' id='word_1_204' title='bbox 652 1866 756 1914; x_wconf 82' lang='lat' dir='ltr'>caritate</span> <span class='ocrx_word' id='word_1_205' title='bbox 766 1867 908 1932; x_wconf 71' lang='lat' dir='ltr'>Agrippinte</span> <span class='ocrx_word' id='word_1_206' title='bbox 919 1867 963 1914; x_wconf 91' lang='lat' dir='ltr'>in·</span> 
     </span>
     <span class='ocr_line' id='line_1_26' title="bbox 49 1927 963 2005; baseline -0.001 -18"><span class='ocrx_word' id='word_1_207' title='bbox 49 1939 137 1987; x_wconf 78' lang='lat' dir='ltr'>visum</span> <span class='ocrx_word' id='word_1_208' title='bbox 148 1937 244 1986; x_wconf 89' lang='lat' dir='ltr'>Neroni</span> <span class='ocrx_word' id='word_1_209' title='bbox 253 1972 260 1994; x_wconf 89' lang='lat'>,</span> <span class='ocrx_word' id='word_1_210' title='bbox 270 1953 380 2002; x_wconf 86' lang='lat' dir='ltr'>opesque</span> <span class='ocrx_word' id='word_1_211' title='bbox 393 1927 591 2005; x_wconf 67' lang='lat' dir='ltr'>ejusbraectpnas</span> <span class='ocrx_word' id='word_1_212' title='bbox 598 1937 631 1986; x_wconf 88' lang='lat' dir='ltr'>sd</span> <span class='ocrx_word' id='word_1_213' title='bbox 640 1935 790 1985; x_wconf 88' lang='lat' dir='ltr'>eliciendam</span> <span class='ocrx_word' id='word_1_214' title='bbox 799 1935 963 2003; x_wconf 83' lang='lat' dir='ltr'>cupidinem,</span> 
     </span>
     <span class='ocr_line' id='line_1_27' title="bbox 51 2011 964 2076; baseline 0.001 -17"><span class='ocrx_word' id='word_1_215' title='bbox 51 2026 162 2074; x_wconf 87' lang='lat' dir='ltr'>eamque</span> <span class='ocrx_word' id='word_1_216' title='bbox 176 2025 276 2058; x_wconf 72' lang='lat' dir='ltr'>cauum</span> <span class='ocrx_word' id='word_1_217' title='bbox 286 2011 373 2058; x_wconf 88' lang='lat' dir='ltr'>multia</span> <span class='ocrx_word' id='word_1_218' title='bbox 385 2011 461 2057; x_wconf 81' lang='lat' dir='ltr'>exitio</span> <span class='ocrx_word' id='word_1_219' title='bbox 471 2026 537 2060; x_wconf 82' lang='lat' dir='ltr'>esse.</span> <span class='ocrx_word' id='word_1_220' title='bbox 548 2011 628 2074; x_wconf 74' lang='lat' dir='ltr'>igitur</span> <span class='ocrx_word' id='word_1_221' title='bbox 640 2011 786 2076; x_wconf 86' lang='lat' dir='ltr'>interceptis</span> <span class='ocrx_word' id='word_1_222' title='bbox 798 2014 881 2060; x_wconf 84' lang='lat' dir='ltr'>Anteii</span> <span class='ocrx_word' id='word_1_223' title='bbox 892 2013 964 2060; x_wconf 89' lang='lat' dir='ltr'>litte·</span> 
     </span>
     <span class='ocr_line' id='line_1_28' title="bbox 51 2083 965 2148; baseline 0.001 -14"><span class='ocrx_word' id='word_1_224' title='bbox 51 2086 107 2144; x_wconf 86' lang='lat' dir='ltr'>ris,</span> <span class='ocrx_word' id='word_1_225' title='bbox 124 2083 219 2134; x_wconf 85' lang='lat' dir='ltr'>iuratus</span> <span class='ocrx_word' id='word_1_226' title='bbox 234 2088 311 2134; x_wconf 86' lang='lat' dir='ltr'>ctiam</span> <span class='ocrx_word' id='word_1_227' title='bbox 327 2083 442 2137; x_wconf 88' lang='lat' dir='ltr'>libellos,</span> <span class='ocrx_word' id='word_1_228' title='bbox 456 2084 549 2146; x_wconf 89' lang='lat' dir='ltr'>quibus</span> <span class='ocrx_word' id='word_1_229' title='bbox 564 2084 620 2133; x_wconf 88' lang='lat' dir='ltr'>dies</span> <span class='ocrx_word' id='word_1_230' title='bbox 635 2086 751 2148; x_wconf 73' lang='lat' dir='ltr'>genitalis</span> <span class='ocrx_word' id='word_1_231' title='bbox 767 2084 835 2147; x_wconf 76' lang='lat' dir='ltr'>eius,</span> <span class='ocrx_word' id='word_1_232' title='bbox 849 2099 874 2133; x_wconf 89' lang='lat' dir='ltr'>et</span> <span class='ocrx_word' id='word_1_233' title='bbox 885 2103 965 2136; x_wconf 85' lang='lat' dir='ltr'>even-</span> 
     </span>
     <span class='ocr_line' id='line_1_29' title="bbox 53 2155 964 2226; baseline -0.001 -18"><span class='ocrx_word' id='word_1_234' title='bbox 53 2171 127 2220; x_wconf 88' lang='lat' dir='ltr'>tura,</span> <span class='ocrx_word' id='word_1_235' title='bbox 140 2160 243 2208; x_wconf 86' lang='lat' dir='ltr'>secretis</span> <span class='ocrx_word' id='word_1_236' title='bbox 258 2157 403 2206; x_wconf 87' lang='lat' dir='ltr'>Pammenis</span> <span class='ocrx_word' id='word_1_237' title='bbox 414 2155 624 2210; x_wconf 88' lang='lat' dir='ltr'>occultabantur,</span> <span class='ocrx_word' id='word_1_238' title='bbox 644 2157 841 2226; x_wconf 24' lang='lat' dir='ltr'>simulsrepertis</span> <span class='ocrx_word' id='word_1_239' title='bbox 850 2194 856 2214; x_wconf 89' lang='lat'>‚</span> <span class='ocrx_word' id='word_1_240' title='bbox 866 2175 920 2222; x_wconf 84' lang='lat' dir='ltr'>quse</span> <span class='ocrx_word' id='word_1_241' title='bbox 932 2159 964 2207; x_wconf 90' lang='lat' dir='ltr'>de</span> 
     </span>
     <span class='ocr_line' id='line_1_30' title="bbox 20 2227 966 2297; baseline 0 -17"><span class='ocrx_word' id='word_1_242' title='bbox 20 2247 22 2252; x_wconf 84' lang='grc'><strong>’</strong></span> <span class='ocrx_word' id='word_1_243' title='bbox 55 2242 116 2280; x_wconf 88' lang='lat' dir='ltr'>ortu</span> <span class='ocrx_word' id='word_1_244' title='bbox 132 2230 232 2294; x_wconf 73' lang='lat' dir='ltr'>sitique</span> <span class='ocrx_word' id='word_1_245' title='bbox 246 2230 343 2281; x_wconf 88' lang='lat' dir='ltr'>Ostorii</span> <span class='ocrx_word' id='word_1_246' title='bbox 354 2227 466 2294; x_wconf 76' lang='lat' dir='ltr'>Scapulae</span> <span class='ocrx_word' id='word_1_247' title='bbox 478 2227 617 2292; x_wconf 84' lang='lat' dir='ltr'>composita</span> <span class='ocrx_word' id='word_1_248' title='bbox 631 2241 719 2288; x_wconf 86' lang='lat' dir='ltr'>erant,</span> <span class='ocrx_word' id='word_1_249' title='bbox 729 2229 817 2287; x_wconf 76' lang='lat' dir='ltr'>scribit</span> <span class='ocrx_word' id='word_1_250' title='bbox 826 2230 857 2277; x_wconf 90' lang='lat' dir='ltr'>ad</span> <span class='ocrx_word' id='word_1_251' title='bbox 869 2233 966 2297; x_wconf 89' lang='lat' dir='ltr'>princi·</span> 
     </span>
     <span class='ocr_line' id='line_1_31' title="bbox 53 2299 966 2372; baseline 0 -20"><span class='ocrx_word' id='word_1_252' title='bbox 53 2321 130 2372; x_wconf 86' lang='lat' dir='ltr'>pem,</span> <span class='ocrx_word' id='word_1_253' title='bbox 144 2320 255 2370; x_wconf 74' lang='lat' dir='ltr'>«magus</span> <span class='ocrx_word' id='word_1_254' title='bbox 269 2321 310 2365; x_wconf 88' lang='lat' dir='ltr'>se,</span> <span class='ocrx_word' id='word_1_255' title='bbox 322 2314 348 2352; x_wconf 87' lang='lat' dir='ltr'>et</span> <span class='ocrx_word' id='word_1_256' title='bbox 361 2318 415 2367; x_wconf 77' lang='lat' dir='ltr'>quse</span> <span class='ocrx_word' id='word_1_257' title='bbox 428 2301 597 2352; x_wconf 82' lang='lat' dir='ltr'>incolumitati</span> <span class='ocrx_word' id='word_1_258' title='bbox 610 2299 663 2362; x_wconf 77' lang='lat' dir='ltr'>tius</span> <span class='ocrx_word' id='word_1_259' title='bbox 678 2300 849 2352; x_wconf 87' lang='lat' dir='ltr'>conducerent</span> <span class='ocrx_word' id='word_1_260' title='bbox 863 2303 966 2352; x_wconf 85' lang='lat' dir='ltr'>adlatu-</span> 
     </span>
     <span class='ocr_line' id='line_1_32' title="bbox 55 2375 966 2440; baseline 0 -13"><span class='ocrx_word' id='word_1_261' title='bbox 55 2394 114 2427; x_wconf 89' lang='lat' dir='ltr'>rum</span> <span class='ocrx_word' id='word_1_262' title='bbox 123 2414 131 2438; x_wconf 92' lang='lat'>,</span> <span class='ocrx_word' id='word_1_263' title='bbox 148 2378 169 2425; x_wconf 90' lang='lat' dir='ltr'>si</span> <span class='ocrx_word' id='word_1_264' title='bbox 180 2379 285 2427; x_wconf 83' lang='lat' dir='ltr'>brevem</span> <span class='ocrx_word' id='word_1_265' title='bbox 304 2377 386 2426; x_wconf 79' lang='lat' dir='ltr'>exsilii</span> <span class='ocrx_word' id='word_1_266' title='bbox 404 2379 504 2424; x_wconf 79' lang='lat' dir='ltr'>reniam</span> <span class='ocrx_word' id='word_1_267' title='bbox 519 2377 720 2439; x_wconf 80' lang='lat' dir='ltr'>impetravisset:</span> <span class='ocrx_word' id='word_1_268' title='bbox 734 2377 827 2440; x_wconf 81' lang='lat' dir='ltr'>quippe</span> <span class='ocrx_word' id='word_1_269' title='bbox 842 2375 966 2426; x_wconf 83' lang='lat' dir='ltr'>Anteium</span> 
     </span>
     <span class='ocr_line' id='line_1_33' title="bbox 56 2443 965 2508; baseline 0.001 -12"><span class='ocrx_word' id='word_1_270' title='bbox 56 2460 84 2497; x_wconf 90' lang='lat' dir='ltr'>et</span> <span class='ocrx_word' id='word_1_271' title='bbox 97 2450 226 2498; x_wconf 87' lang='lat' dir='ltr'>Ostorium</span> <span class='ocrx_word' id='word_1_272' title='bbox 239 2450 373 2500; x_wconf 86' lang='lat' dir='ltr'>imminere</span> <span class='ocrx_word' id='word_1_273' title='bbox 388 2447 479 2507; x_wconf 88' lang='lat' dir='ltr'>rebus,</span> <span class='ocrx_word' id='word_1_274' title='bbox 496 2458 522 2495; x_wconf 85' lang='lat' dir='ltr'>et</span> <span class='ocrx_word' id='word_1_275' title='bbox 538 2461 582 2493; x_wconf 85' lang='lat' dir='ltr'>sua</span> <span class='ocrx_word' id='word_1_276' title='bbox 600 2445 751 2508; x_wconf 82' lang='lat' dir='ltr'>Oasarisque</span> <span class='ocrx_word' id='word_1_277' title='bbox 762 2443 812 2492; x_wconf 83' lang='lat' dir='ltr'>iata</span> <span class='ocrx_word' id='word_1_278' title='bbox 826 2450 965 2497; x_wconf 80' lang='lat' dir='ltr'>scrutaris.</span> 
     </span>
     <span class='ocr_line' id='line_1_34' title="bbox 55 2516 966 2586; baseline -0.008 -14"><span class='ocrx_word' id='word_1_279' title='bbox 55 2523 123 2572; x_wconf 78' lang='lat' dir='ltr'>Exin</span> <span class='ocrx_word' id='word_1_280' title='bbox 133 2523 213 2573; x_wconf 75' lang='lat' dir='ltr'>missa</span> <span class='ocrx_word' id='word_1_281' title='bbox 223 2520 362 2586; x_wconf 77' lang='lat' dir='ltr'>liburnicae,</span> <span class='ocrx_word' id='word_1_282' title='bbox 371 2519 555 2584; x_wconf 82' lang='lat' dir='ltr'>advehiturque</span> <span class='ocrx_word' id='word_1_283' title='bbox 565 2517 806 2586; x_wconf 65' lang='lat' dir='ltr'>properebou&#39;auus·</span> <span class='ocrx_word' id='word_1_284' title='bbox 816 2516 854 2568; x_wconf 84' lang='lat' dir='ltr'>Ac</span> <span class='ocrx_word' id='word_1_285' title='bbox 865 2521 966 2584; x_wconf 74' lang='lat' dir='ltr'>rsrlqato</span> 
     </span>
     <span class='ocr_line' id='line_1_35' title="bbox 56 2590 968 2660; baseline -0.002 -17"><span class='ocrx_word' id='word_1_286' title='bbox 56 2594 111 2657; x_wconf 71' lang='lat' dir='ltr'>ejus</span> <span class='ocrx_word' id='word_1_287' title='bbox 130 2594 239 2660; x_wconf 82' lang='lat' dir='ltr'>iudicio,</span> <span class='ocrx_word' id='word_1_288' title='bbox 253 2597 319 2644; x_wconf 86' lang='lat' dir='ltr'>iuter</span> <span class='ocrx_word' id='word_1_289' title='bbox 335 2593 467 2642; x_wconf 84' lang='lat' dir='ltr'>damnatos</span> <span class='ocrx_word' id='word_1_290' title='bbox 485 2593 579 2658; x_wconf 77' lang='lat' dir='ltr'>magis,</span> <span class='ocrx_word' id='word_1_291' title='bbox 599 2590 675 2655; x_wconf 71' lang='lat' dir='ltr'>quim</span> <span class='ocrx_word' id='word_1_292' title='bbox 689 2593 754 2638; x_wconf 86' lang='lat' dir='ltr'>iuter</span> <span class='ocrx_word' id='word_1_293' title='bbox 772 2607 844 2648; x_wconf 87' lang='lat' dir='ltr'>reos,</span> <span class='ocrx_word' id='word_1_294' title='bbox 859 2591 968 2641; x_wconf 82' lang='lat' dir='ltr'>Anteius</span> 
     </span>
     <span class='ocr_line' id='line_1_36' title="bbox 58 2662 966 2740; baseline -0.004 -24"><span class='ocrx_word' id='word_1_295' title='bbox 58 2669 226 2740; x_wconf 85' lang='lat' dir='ltr'>Ostoriusque</span> <span class='ocrx_word' id='word_1_296' title='bbox 239 2669 410 2720; x_wconf 80' lang='lat' dir='ltr'>habebantur:</span> <span class='ocrx_word' id='word_1_297' title='bbox 424 2664 488 2713; x_wconf 84' lang='lat' dir='ltr'>adso</span> <span class='ocrx_word' id='word_1_298' title='bbox 500 2677 529 2714; x_wconf 89' lang='lat' dir='ltr'>ut</span> <span class='ocrx_word' id='word_1_299' title='bbox 542 2675 721 2718; x_wconf 85' lang='lat' dir='ltr'>testamentum</span> <span class='ocrx_word' id='word_1_300' title='bbox 733 2662 822 2712; x_wconf 86' lang='lat' dir='ltr'>Auteii</span> <span class='ocrx_word' id='word_1_301' title='bbox 832 2680 907 2713; x_wconf 89' lang='lat' dir='ltr'>nemo</span> <span class='ocrx_word' id='word_1_302' title='bbox 918 2665 966 2712; x_wconf 89' lang='lat' dir='ltr'>ob·</span> 
     </span>
     <span class='ocr_line' id='line_1_37' title="bbox 58 2736 1000 2806; baseline -0.007 -16"><span class='ocrx_word' id='word_1_303' title='bbox 58 2742 232 2806; x_wconf 76' lang='lat' dir='ltr'>signaret,uisi</span> <span class='ocrx_word' id='word_1_304' title='bbox 240 2741 381 2806; x_wconf 78' lang='lat' dir='ltr'>Tigellinus</span> <span class='ocrx_word' id='word_1_305' title='bbox 389 2736 477 2788; x_wconf 60' lang='lat' dir='ltr'>‘auctor</span> <span class='ocrx_word' id='word_1_306' title='bbox 484 2741 631 2789; x_wconf 80' lang='lat' dir='ltr'>exstitisset.</span> <span class='ocrx_word' id='word_1_307' title='bbox 642 2737 760 2787; x_wconf 87' lang='lat' dir='ltr'>Monitus</span> <span class='ocrx_word' id='word_1_308' title='bbox 769 2736 840 2802; x_wconf 76' lang='lat' dir='ltr'>prius</span> <span class='ocrx_word' id='word_1_309' title='bbox 851 2739 966 2797; x_wconf 80' lang='lat' dir='ltr'>Anteius,</span> <span class='ocrx_word' id='word_1_310' title='bbox 997 2774 1000 2783; x_wconf 94' lang='grc'><em>,</em></span> 
     </span>
     <span class='ocr_line' id='line_1_38' title="bbox 60 2806 967 2882; baseline -0.006 -18"><span class='ocrx_word' id='word_1_311' title='bbox 60 2831 112 2864; x_wconf 89' lang='lat' dir='ltr'>oue</span> <span class='ocrx_word' id='word_1_312' title='bbox 124 2831 255 2882; x_wconf 87' lang='lat' dir='ltr'>supremas</span> <span class='ocrx_word' id='word_1_313' title='bbox 271 2806 369 2865; x_wconf 85' lang='lat' dir='ltr'>tabulati</span> <span class='ocrx_word' id='word_1_314' title='bbox 385 2827 560 2866; x_wconf 82' lang='lat' dir='ltr'>moraretur».</span> <span class='ocrx_word' id='word_1_315' title='bbox 576 2813 660 2878; x_wconf 79' lang='lat' dir='ltr'>Atque</span> <span class='ocrx_word' id='word_1_316' title='bbox 674 2813 734 2869; x_wconf 90' lang='lat' dir='ltr'>ille,</span> <span class='ocrx_word' id='word_1_317' title='bbox 749 2811 840 2859; x_wconf 85' lang='lat' dir='ltr'>hausto</span> <span class='ocrx_word' id='word_1_318' title='bbox 853 2828 967 2880; x_wconf 75' lang='lat' dir='ltr'>veneno,</span> 
     </span>
     <span class='ocr_line' id='line_1_39' title="bbox 59 2887 949 2960; baseline -0.002 -23"><span class='ocrx_word' id='word_1_319' title='bbox 59 2888 207 2944; x_wconf 79' lang='lat' dir='ltr'>tarditatem</span> <span class='ocrx_word' id='word_1_320' title='bbox 217 2889 271 2950; x_wconf 72' lang='lat' dir='ltr'>eius</span> <span class='ocrx_word' id='word_1_321' title='bbox 283 2903 398 2960; x_wconf 89' lang='lat' dir='ltr'>perosus,</span> <span class='ocrx_word' id='word_1_322' title='bbox 408 2887 533 2941; x_wconf 83' lang='lat' dir='ltr'>intercisis</span> <span class='ocrx_word' id='word_1_323' title='bbox 542 2888 628 2947; x_wconf 87' lang='lat' dir='ltr'>renis,</span> <span class='ocrx_word' id='word_1_324' title='bbox 638 2898 747 2936; x_wconf 86' lang='lat' dir='ltr'>mortem</span> <span class='ocrx_word' id='word_1_325' title='bbox 760 2892 949 2951; x_wconf 79' lang='lat' dir='ltr'>approperarit.</span> 
     </span>
     <span class='ocr_line' id='line_1_40' title="bbox 94 2958 968 3027; baseline -0.005 -15"><span class='ocrx_word' id='word_1_326' title='bbox 94 2961 155 3014; x_wconf 85' lang='lat' dir='ltr'>XV·</span> <span class='ocrx_word' id='word_1_327' title='bbox 177 2963 293 3013; x_wconf 88' lang='lat' dir='ltr'>Ostorius</span> <span class='ocrx_word' id='word_1_328' title='bbox 310 2961 456 3027; x_wconf 75' lang='lat' dir='ltr'>longinquis</span> <span class='ocrx_word' id='word_1_329' title='bbox 474 2962 498 3009; x_wconf 86' lang='lat' dir='ltr'>iu</span> <span class='ocrx_word' id='word_1_330' title='bbox 518 2963 598 3027; x_wconf 76' lang='lat' dir='ltr'>agris,</span> <span class='ocrx_word' id='word_1_331' title='bbox 610 2960 676 3026; x_wconf 87' lang='lat' dir='ltr'>apud</span> <span class='ocrx_word' id='word_1_332' title='bbox 691 2961 768 3008; x_wconf 88' lang='lat' dir='ltr'>fiuero</span> <span class='ocrx_word' id='word_1_333' title='bbox 784 2960 921 3022; x_wconf 71' lang='lat' dir='ltr'>Ligurum,</span> <span class='ocrx_word' id='word_1_334' title='bbox 940 2958 968 3008; x_wconf 90' lang='lat' dir='ltr'>id</span> 
     </span>
     <span class='ocr_line' id='line_1_41' title="bbox 64 3033 967 3102; baseline -0.006 -18"><span class='ocrx_word' id='word_1_335' title='bbox 64 3038 184 3102; x_wconf 84' lang='lat' dir='ltr'>temporis</span> <span class='ocrx_word' id='word_1_336' title='bbox 201 3045 256 3092; x_wconf 86' lang='lat' dir='ltr'>erat</span> <span class='ocrx_word' id='word_1_337' title='bbox 270 3054 277 3086; x_wconf 76' lang='lat' dir='ltr'>s</span> <span class='ocrx_word' id='word_1_338' title='bbox 294 3033 325 3088; x_wconf 82' lang='lat' dir='ltr'>sb</span> <span class='ocrx_word' id='word_1_339' title='bbox 338 3051 429 3086; x_wconf 81' lang='lat' dir='ltr'>missus</span> <span class='ocrx_word' id='word_1_340' title='bbox 441 3049 570 3098; x_wconf 78' lang='lat' dir='ltr'>centurio,</span> <span class='ocrx_word' id='word_1_341' title='bbox 586 3036 628 3098; x_wconf 92' lang='lat' dir='ltr'>qui</span> <span class='ocrx_word' id='word_1_342' title='bbox 641 3034 735 3082; x_wconf 79' lang='lat' dir='ltr'>cadem</span> <span class='ocrx_word' id='word_1_343' title='bbox 754 3033 807 3094; x_wconf 78' lang='lat' dir='ltr'>ejus</span> <span class='ocrx_word' id='word_1_344' title='bbox 818 3043 967 3084; x_wconf 81' lang='lat' dir='ltr'>matur-aret.</span> 
     </span>
     <span class='ocr_line' id='line_1_42' title="bbox 64 3104 968 3171; baseline -0.008 -13"><span class='ocrx_word' id='word_1_345' title='bbox 64 3109 142 3158; x_wconf 84' lang='lat' dir='ltr'>Causa</span> <span class='ocrx_word' id='word_1_346' title='bbox 155 3110 290 3164; x_wconf 83' lang='lat' dir='ltr'>festinandi</span> <span class='ocrx_word' id='word_1_347' title='bbox 301 3125 332 3161; x_wconf 82' lang='lat' dir='ltr'>cx</span> <span class='ocrx_word' id='word_1_348' title='bbox 349 3126 380 3157; x_wconf 88' lang='lat' dir='ltr'>eo</span> <span class='ocrx_word' id='word_1_349' title='bbox 399 3109 543 3162; x_wconf 87' lang='lat' dir='ltr'>oriebatur,</span> <span class='ocrx_word' id='word_1_350' title='bbox 557 3107 627 3171; x_wconf 83' lang='lat' dir='ltr'>qudd</span> <span class='ocrx_word' id='word_1_351' title='bbox 639 3109 756 3155; x_wconf 84' lang='lat' dir='ltr'>Ostorius</span> <span class='ocrx_word' id='word_1_352' title='bbox 768 3105 847 3154; x_wconf 75' lang='lat' dir='ltr'>multi</span> <span class='ocrx_word' id='word_1_353' title='bbox 863 3104 968 3153; x_wconf 87' lang='lat' dir='ltr'>militari</span> 
     </span>
     <span class='ocr_line' id='line_1_43' title="bbox 64 3177 969 3250; baseline -0.014 -18"><span class='ocrx_word' id='word_1_354' title='bbox 64 3183 127 3232; x_wconf 73' lang='lat' dir='ltr'>santi</span> <span class='ocrx_word' id='word_1_355' title='bbox 139 3221 144 3240; x_wconf 91' lang='lat'>,</span> <span class='ocrx_word' id='word_1_356' title='bbox 154 3197 180 3232; x_wconf 93' lang='lat' dir='ltr'>et</span> <span class='ocrx_word' id='word_1_357' title='bbox 187 3185 293 3237; x_wconf 84' lang='lat' dir='ltr'>civicam</span> <span class='ocrx_word' id='word_1_358' title='bbox 302 3201 422 3234; x_wconf 82' lang='lat' dir='ltr'>coronant</span> <span class='ocrx_word' id='word_1_359' title='bbox 432 3182 497 3250; x_wconf 85' lang='lat' dir='ltr'>apud</span> <span class='ocrx_word' id='word_1_360' title='bbox 507 3182 663 3233; x_wconf 88' lang='lat' dir='ltr'>Britanniam</span> <span class='ocrx_word' id='word_1_361' title='bbox 673 3182 778 3227; x_wconf 85' lang='lat' dir='ltr'>meritus</span> <span class='ocrx_word' id='word_1_362' title='bbox 786 3212 793 3234; x_wconf 97' lang='lat'>,</span> <span class='ocrx_word' id='word_1_363' title='bbox 805 3177 900 3240; x_wconf 77' lang='lat' dir='ltr'>ingenti</span> <span class='ocrx_word' id='word_1_364' title='bbox 911 3193 969 3228; x_wconf 80' lang='lat' dir='ltr'>cor.</span> 
     </span>
     <span class='ocr_line' id='line_1_44' title="bbox 65 3242 970 3324; baseline -0.018 -18"><span class='ocrx_word' id='word_1_365' title='bbox 65 3259 133 3324; x_wconf 86' lang='lat' dir='ltr'>poris</span> <span class='ocrx_word' id='word_1_366' title='bbox 145 3259 250 3322; x_wconf 84' lang='lat' dir='ltr'>robore,</span> <span class='ocrx_word' id='word_1_367' title='bbox 268 3274 446 3321; x_wconf 77' lang='lat' dir='ltr'>armorumque</span> <span class='ocrx_word' id='word_1_368' title='bbox 460 3253 575 3310; x_wconf 78' lang='lat' dir='ltr'>scientiis,</span> <span class='ocrx_word' id='word_1_369' title='bbox 592 3267 690 3300; x_wconf 86' lang='lat' dir='ltr'>metum</span> <span class='ocrx_word' id='word_1_370' title='bbox 703 3249 800 3300; x_wconf 86' lang='lat' dir='ltr'>Neroni</span> <span class='ocrx_word' id='word_1_371' title='bbox 815 3242 905 3295; x_wconf 82' lang='lat' dir='ltr'>lecerat</span> <span class='ocrx_word' id='word_1_372' title='bbox 915 3257 970 3304; x_wconf 66' lang='lat' dir='ltr'>,ns</span> 
     </span>
     <span class='ocr_line' id='line_1_45' title="bbox 63 3320 970 3406; baseline -0.011 -23"><span class='ocrx_word' id='word_1_373' title='bbox 63 3330 194 3402; x_wconf 72' lang='lat' dir='ltr'>ittrsderet</span> <span class='ocrx_word' id='word_1_374' title='bbox 203 3320 328 3406; x_wconf 36' lang='lat' dir='ltr'>pavidum*</span> <span class='ocrx_word' id='word_1_375' title='bbox 334 3346 433 3404; x_wconf 86' lang='lat' dir='ltr'>semper</span> <span class='ocrx_word' id='word_1_376' title='bbox 440 3365 449 3396; x_wconf 88' lang='lat'>,</span> <span class='ocrx_word' id='word_1_377' title='bbox 463 3337 490 3377; x_wconf 83' lang='lat' dir='ltr'>et</span> <span class='ocrx_word' id='word_1_378' title='bbox 499 3325 598 3398; x_wconf 73' lang='lat' dir='ltr'>reperti</span> <span class='ocrx_word' id='word_1_379' title='bbox 608 3323 689 3393; x_wconf 81' lang='lat' dir='ltr'>nuper</span> <span class='ocrx_word' id='word_1_380' title='bbox 701 3322 875 3383; x_wconf 76' lang='lat' dir='ltr'>coniuratione</span> <span class='ocrx_word' id='word_1_381' title='bbox 890 3321 970 3387; x_wconf 77' lang='lat' dir='ltr'>maqit</span> 
     </span>
    </p>
   </div>
   <div class='ocr_carea' id='block_1_4' title="bbox 0 0 1088 3709">
    <p class='ocr_par' dir='ltr' id='par_1_5' title="bbox 0 0 1088 3709">
     <span class='ocr_line' id='line_1_46' title="bbox 0 0 1088 3709; baseline 0 0"><span class='ocrx_word' id='word_1_382' title='bbox 0 0 1088 3709; x_wconf 95' lang='lat' dir='ltr'> </span> 
     </span>
    </p>
   </div>
  </div>
 </body>
</html>
