2100 3709
72 85 121 138 ns
388 99 413 135 c.
432 97 522 133 sorr.
539 91 652 158 nactur

74 180 206 246 segnitiam
214 216 221 237 ,
230 179 346 245 quamvis
354 177 481 227 crudelem
491 180 690 244 principemnon
698 185 827 234 metuens,
837 173 1013 224 illustribus

75 254 139 304 viria
147 255 303 319 perniciem,
313 254 378 301 inter
386 267 491 314 ganeam
501 267 530 300 ac
540 265 642 317 stupra,
653 248 836 300 meditabatur.

107 327 142 377 V.
154 325 219 378 Exin
228 331 304 378 Cotta
313 325 489 384 Messanicus,
501 328 641 375 sevissima
652 326 774 389 cultasque
783 320 917 372 sententia
924 333 1003 367 auc·

73 416 129 468 tor,
145 402 226 468 edqne
237 401 375 451 inveterati
386 399 498 458 invidia,
513 401 557 449 ubi
568 400 681 466 primiani
692 399 799 448 facultas
811 396 869 445 data
880 431 886 453 ,
898 393 1002 457 argui-

76 489 120 526 tur
128 478 246 542 pleraque
259 495 265 524 :
278 477 308 541 C.
323 475 458 536 centem,
472 476 544 538 quasi
555 475 655 524 incestu
665 473 792 524 virilitatis
802 508 809 530 ,
820 483 846 520 ct
854 483 937 535 quum
949 464 1000 514 die

78 551 157 601 natali
170 548 288 613 Augustae
297 550 364 597 inter
379 547 525 598 sacerdotes
538 549 698 614 epularetur,
713 544 914 600 novemdialem
931 553 1002 590 eam

79 641 189 692 emnam
201 621 308 671 dixisse:
326 635 484 685 querensque
496 620 527 668 de
540 620 655 686 potentii
670 617 709 668 M.
723 617 835 684 Lepidi,
847 633 877 666 ae
887 617 921 664 L.
934 613 1002 662 Ar-

78 696 170 756 runtii,
180 711 239 744 cum
253 694 346 759 quibus
360 694 393 741 ob
404 703 462 742 rent
471 695 643 758 pecuniariam
657 685 999 758 disceptabat,'addidisse,

80 787 97 817 e
104 771 161 818 illos
169 769 272 833 quidem
281 779 396 826 senatus,
404 783 446 815 me
454 759 541 815 antoni
548 768 661 816 tuebitur
668 764 812 814 Tiberiolus
819 777 912 812 mensa
922 779 929 809 :
941 777 1002 808 rae-

81 860 130 907 que
138 855 226 892 cuneta
235 840 249 890 it
258 841 411 908 primoribus
421 841 532 890 civitatis
540 841 714 890 revincebatur
721 857 728 904 3
736 839 815 902 iisque
821 835 1000 892 instantibus,

81 915 115 962 ad
125 917 305 981 imperatorem
314 916 482 981 provocavit:
499 929 547 976 nec
559 911 641 962 multd
652 911 714 979 pudet*
724 910 812 960 litterae
825 909 1000 964 adferuntur,

79 989 174 1052 *quibus
184 1025 191 1047 ,
202 990 229 1039 in
240 989 346 1038 modum
360 986 529 1050 defensionis,
541 989 650 1054 repetito
663 989 749 1037 ointer
760 996 871 1048 statque
885 983 1001 1032 Cottam

48 1081 51 1084 ’
82 1063 343 1130 amicitiaeprincipio,
355 1063 501 1128 crebrisque
513 1062 568 1127 ejus
583 1062 693 1111 officiisu
706 1058 930 1114 commemoratis,
942 1071 999 1104 ons

82 1137 160 1189 rerba
176 1138 253 1202 prave
269 1139 385 1203 detorta,
401 1155 451 1187 nau
467 1136 639 1189 convivalium
651 1131 793 1186 fabellarum
805 1131 958 1198 simplicitas
969 1129 1001 1176 in

80 1210 179 1258 'crimen
192 1210 359 1275 duceretur»,
370 1212 519 1277 postulavit.
933 1243 934 1250 κ

114 1281 162 1333 Vt
173 1279 275 1350 Insigne
285 1286 370 1334 visum
379 1296 418 1334 est
428 1301 514 1334 earum
528 1284 632 1334 Caesaris
642 1283 785 1332 litterarum
798 1279 920 1330 initium:
935 1291 1000 1324 narn

82 1352 125 1403 lria
133 1356 217 1406 verbis
230 1375 336 1409 exorsus
346 1372 401 1408 est:
415 1377 430 1408 c
435 1358 507 1420 Quid
522 1359 631 1408 scribam
646 1357 735 1416 vobis,
745 1367 830 1423 patres
841 1350 1001 1416 conscripti,

85 1443 130 1479 ant
145 1433 276 1497 quomodo
287 1435 414 1498 scribam,
428 1445 473 1482 aut
482 1432 545 1498 quid
562 1433 667 1482 omniuo
675 1449 730 1490 ‚non
743 1431 850 1479 scribam
860 1425 912 1476 boc
925 1421 1000 1473 temss

86 1521 165 1571 pore,
185 1505 221 1555 dii
233 1524 275 1557 me
288 1507 390 1573 deaque
404 1507 478 1573 peius
490 1505 612 1570 perdant,
630 1505 706 1567 quam
724 1504 807 1568 perire
822 1514 863 1549 rrae
878 1497 999 1563 quotidie

87 1579 185 1642 scotie,
202 1581 224 1629 si
240 1582 322 1630 scion.
337 1581 408 1628 Adeo
421 1581 533 1625 facinora
543 1587 618 1638 atque
629 1576 724 1638 flagitia
737 1590 781 1621 sua
795 1575 842 1638 ipsi
856 1588 960 1636 quoque
972 1573 1000 1618 itt

87 1651 242 1716 supplicium
259 1661 396 1698 verterant.
414 1649 503 1710 Neque
522 1645 615 1694 frustra
626 1645 848 1710 praesentissimus
864 1645 998 1711 sapientia
1035 1643 1036 1704 l

86 1723 189 1773 firmare
199 1722 290 1784 solitus
299 1731 338 1768 est
344 1755 351 1778 ,
362 1720 383 1767 si
390 1715 555 1766 recludantur
563 1727 730 1782 tyrannorum
740 1727 854 1774 mentes,
865 1734 945 1782 posse
955 1715 1000 1766 ad·

88 1792 298 1858 tpicilaniatuset
306 1792 386 1856 ictus3
399 1789 511 1853 quando,
521 1801 666 1856 utcorpora
674 1791 874 1852 verberibus,ita
887 1791 999 1854 sevitia,

87 1860 212 1925 libidine,
224 1865 296 1915 malis
307 1863 443 1918 consultis,
458 1863 559 1910 animus
572 1857 739 1914 dilaceretur:
756 1864 849 1930 quippe
863 1865 1000 1914 Tiberium

86 1940 263 1997 nonientana,
273 1940 326 1987 nori
333 1935 481 1986 solitudines
490 1937 672 2004 protegebant,
681 1939 743 2004 quin
750 1951 877 1990 tormenta
886 1941 1000 2006 pectoris

88 2021 196 2067 suasque
208 2006 261 2071 ipss
270 2019 355 2070 poenas
363 2001 494 2055 letaretur.
971 2018 976 2027 ‘

122 2076 181 2126 vlt.
191 2076 258 2152 Tum
270 2075 335 2126 taeta
346 2077 462 2143 patribus
472 2089 599 2145 potestate
610 2077 736 2130 statuendi
747 2079 778 2130 de
792 2079 998 2127 aOaecilianose·

90 2160 195 2211 uetere,
212 2152 256 2216 qui
271 2151 380 2218 plurima
395 2150 533 2203 adv'ersirm
551 2155 652 2204 Cottam
667 2166 855 2220 prompserat»,
871 2153 997 2218 placitum

90 2221 228 2278 «camdem
238 2240 338 2291 poenam
353 2225 474 2291 irrogari,
488 2235 572 2291 qnam,
585 2231 610 2276 in
631 2227 765 2278 Aruseium
777 2238 802 2275 et
817 2225 1011 2290 tarquinium„
1035 2271 1036 2296 ,

91 2309 248 2348 accusatores
263 2298 294 2349 L.
313 2299 463 2350 Arruntiiu:
478 2317 530 2364 qno
547 2319 599 2350 non
610 2303 679 2350 aliud
696 2299 900 2352 honorificentius
917 2302 997 2348 Cottae
1035 2297 1036 2354 l

93 2371 193 2435 creuit,
206 2372 249 2437 qui
260 2373 354 2424 nobilis
363 2373 467 2439 quidem
477 2411 483 2431 ,
493 2373 539 2422 sed
550 2391 626 2447 egens
638 2375 671 2424 ob
682 2377 786 2432 luxum,
796 2373 940 2442 pertingitis
953 2374 999 2420 in-

92 2440 181 2505 tamis,
192 2448 357 2504 sanctissimis
367 2446 482 2497 Arruntii
491 2447 589 2496 artibus
603 2446 724 2514 dignitate
734 2447 835 2498 ultionis
845 2445 996 2510 equabatur.

95 2519 207 2584 Quintus
214 2523 327 2576 Servaeus
334 2520 448 2590 posthac,
457 2532 484 2568 et
492 2519 618 2570 Minucius
627 2522 754 2570 Thermus
761 2519 996 2578 inducti18erraus,

95 2594 313 2660 praetnrdfunctus
319 2632 326 2655 ,
336 2607 362 2643 et
371 2591 500 2658 quondam
507 2593 653 2650 Germanici
663 2610 749 2644 comes
757 2614 765 2662 5
774 2594 899 2645 Minucius
905 2594 996 2657 Eques·

95 2666 130 2713 tri
139 2667 212 2726 loco,
226 2666 341 2715 modeste
352 2664 438 2712 babiti
452 2661 535 2725 Seiani
547 2663 657 2713 arnicitid
669 2683 675 2714 ι
689 2667 755 2715 unde
766 2667 816 2715 illis
829 2665 907 2730 major
919 2669 996 2717 tuito·

93 2738 161 2788 ratio
172 2754 179 2786 ε
192 2734 413 2787 contrt‘Ttbertnc
431 2735 588 2800 ttpraecipuos
603 2737 636 2785 ad
654 2740 772 2790 scelera»
789 2739 935 2802 increpans,
951 2741 994 2790 ad-

94 2813 196 2863 monuit
204 2809 235 2858 C.
247 2809 361 2857 Cestium
370 2819 469 2874 patrem
479 2805 586 2858 «dicere
595 2813 702 2872 senatui,
715 2829 768 2878 quae
776 2811 824 2861 sibi
833 2811 963 2878 scripsisset
970 2833 993 2880 »ς

14 2914 24 2934 t
95 2884 256 2948 suscepitque
266 2881 364 2937 Cestius
374 2882 579 2932 accusationem:
591 2885 660 2948 quod
669 2885 779 2935 nranime
787 2885 912 2936 exitiabile
920 2886 994 2936 tulere
1021 2903 1036 2946 ‚t

95 2957 140 3005 illa
152 2968 279 3021 tempora,
297 2971 376 3018 quom
394 2955 519 3022 primores
538 2956 638 3012 senatuis
653 2959 753 3009 infimae
769 2962 855 3010 etiam·
865 2957 992 3009 delationes
1035 2947 1036 2974 ³

97 3039 257 3086 exercerent,
266 3028 309 3078 alii
316 3029 456 3094 propalam,
467 3029 543 3078 multi
551 3046 597 3098 per
604 3034 749 3082 occultum:
760 3051 841 3100 neque
851 3033 991 3085 discerneres
1035 3027 1036 3092 i

97 3104 194 3153 alienos
203 3103 217 3154 d
226 3102 382 3167 conjunctis,
393 3104 487 3150 amicos
496 3103 530 3152 ab
541 3105 645 3172 ignotis,
656 3107 715 3172 quid
725 3125 815 3174 repens
825 3118 868 3156 aut
879 3118 990 3158 vetustate
1035 3097 1036 3148 i

98 3178 253 3231 obscurum:
270 3177 375 3244 perinde
394 3178 421 3225 in
443 3174 513 3241 foro,
530 3180 555 3230 in
567 3183 699 3239 convivio,
714 3181 812 3247 quiqui
830 3178 860 3229 de
872 3180 988 3242 relocati,
1035 3175 1036 3236 i

98 3254 291 3312 incusabantur,
301 3265 330 3303 ut
341 3253 396 3318 quia
411 3253 547 3320 prevenire
561 3268 586 3305 et
594 3272 665 3318 reum
672 3255 796 3307 destinare
806 3265 930 3322 properat5
940 3270 989 3320 pars

92 3326 133 3410 gd
145 3328 288 3387 suanum
297 3326 444 3398 rut‚p1urrs
452 3325 540 3404 iniecti
551 3333 622 3407 quasi
631 3329 776 3407 quietudine
786 3343 812 3385 ct
822 3329 987 3403 conmotuded

189 3410 195 3429 Ι
832 3398 835 3405 ,
917 3397 919 3402 .
983 3397 986 3403 .

508 3433 512 3439 ’
888 3435 901 3454 Ι

1035 3553 1036 3581 t

1035 3585 1036 3600 l

1027 3643 1036 3682 i
