2100 3709
331 66 511 108 srrssrnu
529 69 595 108 ιιι.
612 69 658 108 ιι.
905 61 954 132 1⁵7

39 147 344 216 propinqnoconsnlatu,
356 151 477 214 majorem
487 149 521 198 ad
531 165 601 217 spem
610 150 708 216 accingi
718 167 726 200 r
735 165 781 202 nec
791 154 859 204 enim
868 158 955 206 secuta

40 232 97 270 tum
107 258 115 278 ,
128 222 191 286 qnid
200 236 259 289 post
269 225 318 274 tale
333 225 526 274 matrimonium
536 234 677 290 superesset
684 241 709 272 u.
719 224 826 276 Subibat
835 229 889 280 sine
901 227 954 276 dn-

38 294 85 343 bio
97 308 184 345 metus
193 308 355 363 reputantes,
368 315 383 347 e
393 297 510 346 hebetem
517 295 653 346 Claudium
662 331 670 358 ,
680 309 706 346 et
713 299 785 347 uxori
796 299 952 362 devinctum,

40 368 189 433 multasque
198 382 294 420 mortes
308 371 376 433 jussu
386 369 538 420 Messallinaa
545 370 799 436 patratasnsilursirs
808 374 861 438 ipsa
870 373 954 424 facili·
984 411 987 422 .

41 452 81 491 tas
92 442 255 507 imperatoris
264 442 383 493 fiduciam
395 443 534 503 dabat‚r‚si
544 445 675 495 atrocitate
686 444 798 493 criminis
811 447 955 510 praevaluis-

41 526 114 572 sent,
123 530 201 581 posse
211 517 323 583 opprimi
341 515 483 566 &mnarum
496 526 631 580 antequam
642 532 721 567 ream.
734 517 785 566 Sed
793 519 817 567 in
828 535 858 568 eo
869 517 957 570 ‹liseri-

43 604 104 636 men
115 593 196 647 verti,
211 591 233 640 ei
245 590 358 642 defensio
367 591 516 653 audiretur,
525 603 604 657 utque
613 592 704 643 chuta
715 609 787 644 aures
799 595 876 644 stiam
890 610 956 645 con-

44 662 129 711 litenti
141 659 262 715 l'orcntu.
284 727 292 734 ·
886 727 887 730 Ἴ

75 733 183 785 XXIX.
195 736 234 787 Ac
245 737 329 804 primd
341 739 476 799 Callistus,
488 737 615 802 iam-mibi
625 739 691 789 circa
701 755 791 788 necem
804 740 834 788 G.
851 738 956 787 cesaris

45 821 213 873 narratus,et
221 806 422 880 Appianecrbdis
433 814 538 864 molitor
547 813 679 863 Narcissus
688 847 694 869 ‚
704 813 956 877 flagrantissimaque,

45 897 79 930 eo
96 883 122 930 in
138 891 270 949 tempore,
283 884 363 950 gratid
378 885 460 937 Pallae
477 885 618 952 agitardrs,
634 901 718 936 onum
729 885 900 936 Mareellinam
912 901 956 934 se·

7 1017 14 1031 x
45 955 207 1003 cretisminia
219 955 375 1022 depellerent
384 974 470 1008 amore
478 959 550 1017 Silii,
561 971 652 1008 cuncta
664 957 715 1008 aiis
725 958 912 1008 dissimulantes
923 973 957 1008 u:

47 1024 107 1074 dein
121 1037 204 1091 metu,
214 1045 246 1078 ne
259 1029 291 1079 ad
302 1032 443 1096 perniciem
454 1030 523 1081 ultrd
540 1031 713 1091 traherentur,
729 1031 959 1096 desistunt3Pallas
1046 1024 1050 1031 ”

45 1114 92 1163 per
101 1099 242 1168 ignaviam.
252 1104 372 1153 Callistus
380 1106 472 1169 prioris
481 1121 582 1168 quoque
590 1107 661 1170 regie
668 1106 773 1170 peritus,
784 1117 810 1157 et
818 1106 958 1171 potentiam
997 1164 1001 1168 ,
1044 1150 1050 1167 ,

47 1173 130 1222 cautis
141 1209 149 1230 ,
163 1171 240 1239 quiam
252 1175 355 1225 acribus
366 1177 479 1225 consiliis
488 1175 569 1226 tutius
582 1175 679 1228 heberi.
690 1179 803 1228 Peratitit
812 1178 958 1242 Narcissum

47 1257 73 1294 et
81 1245 166 1294 solum
176 1248 204 1296 id
212 1249 367 1307 immutans,
378 1265 411 1297 ne
422 1263 473 1313 quo
486 1265 600 1298 sermone
616 1251 743 1314 prusciam
750 1251 865 1299 criminis
876 1261 902 1297 et
914 1263 957 1296 ac·
1045 1258 1050 1276 ¹

48 1321 174 1369 curatoris
187 1321 298 1385 iaceret,
312 1323 365 1387 ipae
379 1321 413 1370 ad
425 1323 570 1370 occasiones
580 1324 711 1379 intentus,
725 1323 800 1388 longi
816 1322 884 1388 apud
903 1323 957 1372 Os·
1045 1314 1050 1333 ⁴

49 1392 115 1442 tiam
124 1393 229 1442 Caesaris
241 1395 310 1442 mori
323 1430 329 1449 ,
341 1393 516 1458 duaspellioes
527 1406 653 1457 ,quarm
661 1394 683 1444 is
691 1394 838 1458 corporibus
849 1393 959 1443 marimb

49 1465 207 1528 insueverat,
218 1467 350 1532 largitione
363 1483 391 1515 ac
401 1466 532 1532 promissis
541 1501 548 1524 ,
558 1477 584 1514 et
593 1481 671 1516 uxore
680 1465 775 1530 dejecti
784 1467 857 1532 ,plus
867 1479 959 1533 poten·

50 1538 92 1589 tiae
103 1539 272 1599 ostentando,
281 1541 393 1606 perpulit
402 1539 556 1589 delationem
565 1539 659 1592 subire.

83 1613 249 1662 XXXeExiu
260 1611 396 1678 Calpurnia
406 1611 447 1679 aid
455 1610 542 1679 pellici
554 1612 661 1679 nomen)
675 1612 719 1662 ubi
727 1611 815 1662 detrun
824 1623 959 1674 secretum,

1 1688 2 1691 ’
52 1683 158 1735 Caesaris
166 1686 273 1750 genibus
284 1687 434 1750 provoluta,
448 1687 585 1753 «nupsisse
596 1687 765 1736 Messallinam
778 1686 861 1736 Silius
872 1687 959 1737 escla-

49 1770 120 1808 mat:
133 1759 210 1808 simul
220 1759 394 1825 Cleopatram,
408 1776 462 1824 que
474 1759 542 1809 idem
552 1762 687 1828 opperiens
700 1759 829 1820 adstabat,
839 1777 877 1812 an
891 1777 960 1812 com.

48 1833 187 1903 pert'sset?
208 1834 345 1899 interrogat
360 1846 457 1901 :atque
474 1836 517 1885 itit
539 1851 679 1899 annuente,
698 1837 956 1887 ncieriNarcissuma

1 1934 3 1945 ι
48 1908 175 1974 postulat.
187 1905 240 1956 len
248 1909 348 1957 veniam
356 1910 381 1957 in
395 1909 550 1973 praeteritum
561 1923 650 1978 petens
660 1948 667 1968 .
678 1910 747 1976 qudd
758 1912 780 1960 ei
792 1911 830 1960 cis
839 1909 957 1966 Vectics,

52 1984 90 2030 cis
105 1981 236 2039 Plautios,
254 1980 464 2032 dissimulavimet
476 2001 482 2030 ι
495 2001 542 2033 nec
551 2002 619 2036 nunc
636 1984 758 2034 adulteria
772 1983 956 2048 objecturum»

52 2056 105 2104 aitr
123 2069 178 2104 cns
186 2053 302 2114 domum,
311 2054 427 2114 servitia,
439 2063 464 2102 et
473 2066 571 2104 ceteros
579 2055 683 2114 fortune
696 2069 795 2121 paratus
807 2065 959 2121 reposceret,

52 2128 180 2178 strueretur
194 2131 272 2176 immo
286 2129 335 2176 iis:
350 2125 395 2176 sed
405 2126 523 2176 redderet
532 2127 653 2191 risorem,
668 2140 846 2194 rumperetque
860 2125 959 2176 tabulas
1047 2148 1050 2153 ¹

52 2197 190 2285 nuptiales.
200 2201 242 2252 An
251 2199 422 2258 discidiumu,
435 2201 534 2266 inquit,
550 2213 641 2251 eruum
655 2199 813 2267 nostiinam
822 2201 961 2254 matrimes
1046 2250 1050 2263 ⁴

52 2273 400 2340 ninmSiliividitpopulus,
409 2284 559 2334 etsenatus,
572 2273 697 2338 etmiles:
709 2271 958 2340 acuiproperlagis,
1047 2302 1050 2319 .

53 2359 124 2398 tenet
136 2348 225 2397 urbem
235 2350 372 2397 maritusn
416 2352 421 2359 ¹

83 2419 187 2470 xm.
196 2421 263 2470 Turn
275 2421 438 2486 potissimum
448 2421 587 2468 anticorum
596 2428 683 2467 vocat:
694 2431 855 2482 primumque
863 2431 900 2463 rer
893 2414 960 2467 tro

52 2495 183 2545 mentarire
191 2493 338 2581 prefectum
348 2493 518 2556 Turranium,
529 2491 588 2558 pdst
596 2489 701 2540 Lusium
714 2489 818 2549 Getam,
828 2489 961 2553 praetoria·

53 2569 94 2620 nis
107 2570 271 2655 impositum,
287 2577 475 2638 percunctatur.
488 2563 593 2632 Quibus
605 2563 759 2620 latentibus,
775 2571 830 2610 tum
845 2563 961 2612 certatim
1048 2565 1049 2568 ’

53 2644 134 2694 ceteri
144 2645 375 2718 circumstrepunt,
386 2662 402 2692 u
413 2643 461 2692 iret
471 2644 496 2693 itt
505 2653 600 2708 castra,
610 2643 720 2691 firmaret
729 2641 856 2708 [aratorias
865 2637 962 2690 cobor-

52 2729 108 2779 tes,
119 2717 319 2769 munatiante
329 2717 745 2783 qubmvindictaeconsnleretn
749 2714 961 2764 Satisconstatco

53 2809 154 2859 pavme
164 2791 273 2841 offusum
285 2791 434 2854 Claudium,
452 2803 482 2840 ut
495 2791 653 2840 identidem
647 2801 829 2854 interrogaret,
840 2806 856 2838 <t
866 2806 897 2838 an
907 2789 960 2854 ipse

52 2867 156 2932 imperii
170 2862 326 2932 potentian
342 2865 418 2912 Silius
436 2865 548 2930 privatus
561 2863 670 2915 essetis?
685 2865 720 2914 At
734 2863 891 2925 Metaurus,
909 2879 970 2928 non

53 2937 117 2987 alias
131 2937 239 2986 solutior
249 2937 328 2997 luxu,
346 2936 435 2985 adulto
446 2944 586 2997 arrtumno,
599 2937 759 2989 simulacrum
771 2935 905 2984 vindemiae
917 2949 963 2998 per
981 2975 989 2979 -

54 3013 165 3062 domum
173 3013 292 3061 celebrat
304 3013 396 3078 Urgeri
410 3013 498 3078 praela,
514 3015 593 3063 fluere
606 3014 693 3076 lacus;
711 3012 843 3060 arsemina
852 3009 964 3074 pellibus

54 3086 174 3136 accincta
188 3084 365 3152 adsultabant,
384 3097 413 3134 ut
428 3087 594 3136 sacrificantes
614 3088 653 3134 rel
672 3085 823 3134 insanientes
840 3079 959 3131 Baccha·

51 3162 123 3227 ipsa,
132 3143 280 3208 crinelluro
287 3158 560 3226 ,thyrsumquatieur,
572 3152 964 3222 iustoquostliushedertriue-

54 3246 98 3282 tns
108 3268 117 3297 ,
131 3247 218 3299 gerere
231 3231 398 3282 cothurnos
391 3249 472 3296 iacere
490 3242 579 3296 caput,
596 3241 723 3294 strepente
748 3225 842 3275 circum
864 3225 964 3289 procaci

43 3306 380 3360 manumittendum
395 3301 698 3388 rememineritis
710 3300 837 3365 praealtam
846 3297 964 3348 arborem
