2100 3709
80 72 127 126 rae
286 47 292 57 Ι
400 68 427 124 d.
444 76 541 147 conr.
556 75 669 127 rector

79 183 169 220 surum
180 180 295 235 possessa
309 163 392 235 Cyro,
408 178 435 214 et
450 165 510 232 poss
520 169 666 219 Alexandro
676 185 707 229 s,
719 183 764 237 per
775 168 1009 239 vaniloquentiam

77 260 106 293 ac
117 243 199 292 minas
211 242 326 305 jaciebat.
335 240 386 290 Sed
399 241 499 291 Parthis
509 241 630 292 mittendi
640 255 751 293 secretos
763 248 868 305 nuntior
880 249 1004 300 validis·

77 319 157 369 rimus
165 330 252 367 auctor
262 315 309 364 fuit
319 315 453 373 Sinnaces,
464 317 557 381 insigni
566 315 675 380 familii,
686 319 831 386 superinde
843 324 959 388 opibus,
974 336 1003 374 et

78 395 208 459 proximus
222 391 282 440 huic
301 388 402 450 Abdus,
418 389 543 454 ademptae
557 391 704 440 virilitatis:
721 409 774 441 non
802 393 960 461 despectum
979 399 1007 448 id

79 466 146 535 apud
158 467 292 527 barbaros,
310 462 428 528 ultrdque
444 463 588 529 potentiam
606 463 693 515 habet.
712 464 748 528 li,
770 467 873 518 adscitis
893 483 918 521 et
939 473 1005 522 eliis

77 530 320 610 primoribusaquit
336 538 463 587 neminem
472 539 553 602 gentis
562 535 740 588 Arsacidarum
750 557 855 591 summu
863 546 900 593 rei
912 546 1006 612 impo-

78 631 139 664 nere
157 623 289 680 poterant,
309 610 449 660 interiectis
472 612 504 661 ab
523 612 659 660 Artabano·
669 611 810 679 plerisque,
821 627 865 664 aut
877 619 1004 668 nondum
1042 661 1043 670 ,

79 672 175 738 idultis
186 685 329 748 ,Phraaten
336 721 345 750 ‚
357 685 425 749 regis
434 683 640 735 Phraatisfllium
649 721 656 744 ,
664 686 744 736 Romi
755 686 894 753 poscebant
903 709 910 739 c
919 707 938 741 e
947 694 1007 742 No·
1042 675 1043 768 i

78 762 148 811 mins
158 756 257 808 tantirm
269 769 295 807 et
305 768 409 808 auctore
420 773 499 822 opus,
511 769 541 806 ιιι
551 769 642 824 sponte
654 756 757 808 casaris
763 793 771 818 ,
782 772 812 809 ut
820 775 901 826 genus
912 768 1003 814 Arsa.
1042 781 1043 786 ¹

76 837 129 897 cis,
141 835 223 902 ripam
232 834 300 900 apud
311 831 448 898 Euphratis
458 845 602 882 cerneretur
610 849 636 882 n.

108 907 223 959 xxxlt.
242 907 364 972 Cupitum
384 903 412 953 id
429 904 554 956 Tiberio:
576 916 650 956 ornat
667 905 807 968 Phraaten,
829 910 999 978 accingitque
1042 941 1043 960 ;

77 996 213 1052 paternum
228 980 261 1030 ad
276 980 423 1046 fastigium:
436 978 560 1028 destinata
573 981 699 1043 retinens,
715 983 828 1032 consiliis
842 995 869 1032 et
880 995 939 1032 astu
950 995 999 1033 res

77 1070 195 1107 externas
209 1055 308 1111 moliri,
324 1066 394 1103 arma
409 1053 499 1120 procul
510 1051 612 1100 hebere.
626 1053 739 1112 intorsi,
757 1057 864 1122 cognitis
876 1056 996 1117 insidiis,

76 1131 223 1184 Artabanus
236 1128 332 1178 tardari
347 1141 435 1185 metu,
446 1127 525 1177 modd
537 1129 660 1193 cupidine
673 1127 790 1180 vindicta
807 1130 974 1181 inardescere
987 1149 994 1178 :
1042 1187 1043 1190 Ἴ

78 1217 106 1254 et
121 1203 235 1253 barbaris
250 1201 379 1251 cunctatio
388 1238 396 1260 ,
406 1201 518 1250 servilis:
533 1203 619 1251 statim
631 1200 746 1265 exsequi,
763 1203 862 1268 regium
879 1203 999 1253 ridetur.

45 1321 49 1328 .
77 1277 166 1330 Valuit
182 1288 268 1324 tamen
285 1275 438 1333 utilitas‚ut
448 1271 567 1330 Abdum,
584 1272 668 1337 specie
690 1275 807 1324 amicitiae
822 1285 942 1325 vocatum
959 1274 998 1324 ad
1042 1271 1043 1276 ’

77 1351 179 1417 epulas.
189 1351 259 1400 lento
267 1363 367 1398 veneno
375 1348 484 1413 illigaret
493 1384 500 1410 ,
510 1345 636 1394 Sinnacen
646 1344 844 1396 dissimulatione
856 1344 977 1398 ac'donis
988 1383 997 1414 ,

74 1426 153 1485 simul
165 1445 210 1496 per
220 1428 323 1494 negotia
333 1466 340 1492 ,
352 1437 503 1476 moraretur.
517 1424 549 1473 Et
562 1422 682 1474 Phraates
698 1424 765 1492 apud
781 1425 896 1493 Syriam,
911 1425 977 1476 dum
984 1415 996 1493 '‚

77 1502 172 1551 omisso
187 1503 258 1551 cultu
272 1501 402 1557 Romano,
425 1500 466 1547 cui
483 1513 528 1565 per
544 1508 585 1546 tot
602 1514 682 1548 annos
701 1497 860 1563 insueverat,
876 1500 997 1550 instituta

78 1572 230 1626 Parthorum
247 1575 367 1632 insumit,
380 1573 476 1638 ,patriis
496 1569 611 1618 moribus
627 1571 720 1630 impar,
737 1571 828 1618 morbo
841 1572 997 1638 absumptus

76 1660 126 1699 est.
138 1648 187 1697 Sed
199 1664 250 1696 non
261 1646 379 1695 Tiberius
395 1643 481 1690 omisit
500 1641 610 1702 incepta,
623 1636 767 1699 Tiridaten,
779 1643 910 1706 sanguinis
923 1648 995 1710 eju..

78 1719 277 1775 dem.nrnu1um
287 1715 417 1766 Artabano
426 1733 433 1776 ἦ
443 1708 663 1777 reciperandoque
676 1713 803 1764 Armenias
815 1715 922 1768 Iberum
936 1719 995 1770 Mi.

75 1793 203 1844 tiridaten
220 1791 322 1854 deligit,
343 1785 510 1862 concilietque
532 1783 603 1834 fratri
625 1786 806 1846 Pharasmani,
828 1793 871 1856 qui
891 1796 992 1859 gentile

74 1870 211 1935 imperium
220 1864 367 1914 obtinebat:
379 1872 405 1908 et
414 1861 527 1920 cunctis,
537 1876 590 1924 que
598 1859 666 1927 sprud
676 1861 808 1914 Orientem
823 1871 997 1931 parabantur,

76 1940 107 1991 L.
121 1941 254 1990 Vitellium
268 1935 391 2002 praefecit.
403 1937 443 1984 Eo
458 1934 493 1983 de
509 1935 612 1985 homine
625 1934 693 1986 haud
706 1953 762 1989 sum
780 1942 882 2005 ignarus
893 1979 900 2002 ,
911 1946 996 1995 sinis·

77 2026 143 2065 tram
155 2016 180 2062 in
191 2009 353 2060 urbefanram
363 2009 495 2075 ‚pleraque
505 2008 570 2059 loeds
579 2013 715 2062 memorari
726 2031 731 2059 :
743 2014 855 2063 ceterum
868 2017 992 2082 regendis
1043 2037 1044 2110 p

72 2089 210 2155 provinciis
221 2083 304 2150 prisca
317 2096 413 2134 virtute
425 2087 493 2150 egit:
511 2085 580 2134 unde
599 2103 741 2154 regressus,
761 2100 786 2136 et
802 2087 940 2140 formidine
958 2093 989 2142 C.
1043 2117 1044 2138 ι

75 2163 194 2222 Cereris,
204 2160 374 2210 familiaritate
386 2161 500 2220 Claudii,
512 2165 619 2229 turpeiu
629 2165 760 2214 servitium
771 2175 892 2212 mutatus.
904 2181 989 2215 erem·
1043 2143 1044 2210 i

75 2238 132 2304 piar
147 2236 214 2302 apud
230 2246 347 2303 posteros
363 2235 499 2287 adulatorii
517 2235 651 2287 dedecoris
667 2237 790 2287 habetur:
805 2251 989 2304 cesseruntque
1043 2239 1044 2248 ’

72 2314 154 2378 prima
166 2311 314 2378 postremis.
324 2325 349 2362 et
358 2313 424 2362 bona
433 2313 542 2375 iuventae
551 2325 668 2362 senectus
676 2313 799 2382 flagitiosa
811 2314 985 2364 oblitteravit.

60 2380 65 2388 Χ
106 2385 231 2437 xxxllt.
251 2385 285 2436 At
299 2401 332 2436 ex
347 2388 456 2454 regulis,
467 2387 538 2454 prior
551 2385 714 2436 Mithridates
725 2385 911 2437 Pharasmanen
924 2403 989 2452 per-

72 2459 152 2527 pulit,
172 2459 233 2510 dolo
249 2471 276 2510 et
298 2461 322 2510 ri
344 2475 451 2512 conatus
474 2477 534 2510 suos
556 2459 645 2524 irruere
664 2479 670 2509 ε
692 2464 835 2526 repertique
850 2465 987 2524 corrupto·

72 2551 127 2600 res,
136 2537 269 2586 ministros
281 2532 382 2587 Arsacis
398 2537 481 2586 multo
492 2551 556 2583 auro
569 2531 601 2581 ad
612 2534 692 2582 ucelm
705 2545 800 2596 cogunt
811 2550 817 2579 ε
830 2533 905 2580 simul
918 2532 987 2584 iberi
1009 2568 1012 2574 ·

72 2609 170 2673 magnis
184 2609 264 2674 copiis
274 2607 421 2658 Armeniam
432 2611 576 2671 irrumpunt
589 2641 594 2652 .
605 2616 630 2652 et
641 2606 702 2651 urbe
712 2602 833 2652 aruasia
843 2606 987 2668 potiuntur.

71 2680 135 2742 Qua
146 2693 280 2745 postquam
297 2681 426 2728 Artabano
439 2679 556 2741 cognita,
569 2675 650 2722 lilium
662 2673 764 2722 Oroden
777 2676 885 2727 ultorem
898 2693 986 2746 parat,

75 2748 168 2814 datque
186 2751 339 2800 Parthorum
357 2750 456 2814 copias,
471 2748 553 2799 mittit
569 2747 612 2808 qui
627 2746 718 2792 auxilia
732 2746 848 2794 mercede
865 2743 987 2800 lacerent.

73 2823 170 2872 contri
180 2823 362 2874 Pharasmanes
369 2822 505 2888 adiungere
517 2821 637 2880 Albanos,
645 2819 725 2870 accire
732 2820 869 2885 Sarmatam
878 2838 987 2886 quorum

72 2897 218 2964 Sceptuchi,
227 2898 354 2960 utrimque
362 2896 437 2945 donis
446 2894 565 2960 acceptis,
576 2909 646 2942 more
655 2897 756 2959 gentico
765 2894 864 2944 diversa
870 2896 985 2948 induere.

69 2969 122 3019 Sed
135 2969 202 3018 Iberi
217 2971 335 3029 locorum
352 2981 488 3036 potentes,
506 2966 594 3033 Caspii
607 2967 645 3016 vii
659 2969 799 3020 Sarmatam
813 2970 837 3018 in
849 2971 984 3022 Armenios

69 3044 162 3113 raptim
174 3041 307 3090 effundunt
316 3034 359 3092 iat
369 3042 413 3106 qui
421 3040 527 3091 Parthis
534 3039 716 3102 adventabant,
728 3042 801 3094 lucili
814 3045 963 3096 arcebantur
975 3066 981 3096 :

71 3135 150 3183 quum
162 3119 224 3169 alios
236 3117 347 3168 incessus
358 3119 440 3168 hostis
451 3119 582 3168 clausisset
594 3138 600 3169 ι
613 3138 692 3170 unum
704 3121 845 3187 reliquum,
860 3139 927 3171 mare
941 3124 983 3173 in.

71 3201 111 3240 ter
121 3205 145 3242 ct
152 3205 278 3242 extremos
288 3191 447 3242 Albanorum
458 3205 647 3255 monteu‚asstas
658 3195 791 3264 impediret
800 3214 806 3246 :
814 3197 981 3262 quialssstibue

71 3268 214 3322 Etesiarum
233 3271 373 3339 implentur
389 3273 469 3341 vada3
488 3275 610 3328 hibernus
633 3277 727 3328 Auster
747 3278 855 3330 revolvit
874 3279 980 3350 fluctus,

73 3345 200 3414 pulsuque
212 3346 337 3399 introistis
347 3346 428 3414 freto,
440 3350 526 3404 brevia
540 3353 656 3406 littorum
667 3352 805 3408 nudantur.
