2100 3709
320 96 497 139 turturis
513 97 581 134 nra.
599 94 679 134 xrrr.
783 141 789 146 ,
897 85 945 152 187

39 179 307 248 querente‘Ummidio
314 196 347 243 ,a
357 190 495 246 prerepta,
507 195 561 243 que
569 179 620 228 suis
632 177 743 229 consiliis
754 181 946 248 patrrrirsetn:
981 235 985 242 ,

39 267 151 304 testante
163 253 252 304 contri
264 253 426 311 Corbulone,
439 270 455 301 o
463 269 515 302 uon
531 250 601 319 priris
611 269 761 304 contusum
770 269 855 320 regem
867 254 899 304 ad
910 253 951 306 oi-

37 325 160 380 lereudos
176 327 294 377 obsides,
307 325 384 392 quitur
404 329 474 394 ipsa,
489 326 541 376 dux
556 325 762 389 introducetur,
779 344 836 395 spes
849 329 902 394 eius
916 327 950 376 td

39 414 140 452 metum
150 412 263 451 mutaret
272 418 298 450 n.
309 401 379 452 Nero
390 437 398 460 ,
409 399 461 466 qud
470 413 638 467 componeret
648 401 777 468 divertor,
792 403 829 451 sic
841 401 952 468 evulgari

37 476 113 541 iussit
124 493 159 524 :o
166 472 207 524 01>
217 473 281 524 resi
292 473 423 539 Quadrato
435 471 462 523 el
475 473 620 524 Corbulone
631 475 750 540 prosperi
759 488 842 541 gestes
851 475 952 529 laurum

40 549 156 600 lascibur
165 550 337 616 imperatoriis
344 548 405 598 addi
413 567 438 600 n.
449 546 511 609 Qua
521 546 548 596 lu
559 549 622 598 alios
631 548 746 599 consules
759 565 871 616 egretsa,
886 565 953 598 con-

37 641 135 691 ponat,
517 651 520 654 >
673 632 676 649 ⁸
736 625 755 644 '¹‘
934 640 939 646 ·

76 697 114 747 X.
126 694 225 746 Eodem
235 711 303 747 tuno
313 695 395 744 Castu
409 695 538 761 «effigiem
551 697 596 747 Gn.
607 699 721 748 Domitio
733 699 814 764 patri,
825 708 851 746 et
861 713 954 749 consu·

42 770 110 819 laria
122 769 230 834 insignis
241 766 353 821 Asconio
364 767 476 818 mironi
486 787 513 826 n,
524 785 575 835 quo
586 782 671 820 tutore
687 759 822 827 ususeral,
838 771 927 837 petivit
939 769 954 819 i

40 853 133 894 senem
145 859 151 890 ε
167 843 263 907 sibique
275 860 290 891 o
298 853 393 892 statuas
401 854 506 906 urgento
517 844 557 892 vsl
569 855 631 894 auto
640 844 756 894 solidas»
765 841 775 901 ‚'
784 843 906 894 adversus
918 843 957 891 cl·

47 915 159 967 [erentes
175 915 314 979 probibuit.
328 915 784 983 thuunquamcensuissentpatres‘‚
795 929 846 966 out
858 917 957 982 princi-

47 991 122 1058 pium
131 989 191 1039 anni
199 989 320 1054 inciperet
329 987 592 1061 menselllecembren,
600 1007 651 1055 qno
659 1003 730 1041 crtus
740 1004 793 1041 eret
799 992 878 1054 Nero,
888 1001 957 1040 rete·

44 1079 102 1113 rem
112 1063 262 1127 religionem
275 1061 448 1118 Kalendarum
457 1064 634 1112 ianuariarum
647 1064 794 1114 iuebosudo
807 1082 874 1114 nuno
890 1064 957 1113 reti-

45 1139 114 1190 nuit.
127 1137 215 1201 Neque
227 1137 323 1202 recepti
332 1149 392 1186 sunt
401 1139 467 1187 inter
474 1129 533 1186 reos
546 1135 652 1188 Carinas
662 1139 748 1196 ester,
758 1152 874 1201 tenatur,
885 1153 958 1187 servo

47 1222 198 1266 secuunte,
210 1210 345 1260 autlulins
355 1209 469 1266 Densus,
477 1222 594 1273 equestm
601 1249 608 1271 ,
618 1213 660 1262 ctti
670 1212 741 1262 lutor
750 1215 776 1262 in
785 1213 959 1264 britannicum
1045 1247 1050 1259 .

47 1282 152 1334 crimini
164 1282 282 1334 dabatur.
1039 1339 1041 1354 Ι

81 1360 133 1409 xl.
142 1357 252 1407 Claudio
264 1358 380 1416 Nerone,
388 1355 420 1406 L.
429 1355 543 1406 Antistio
552 1373 618 1407 eoas.
628 1359 739 1422 quumiu
747 1371 803 1410 acti
813 1358 960 1426 principum

46 1430 164 1500 jurarent
179 1432 361 1494 magistratusr
377 1430 427 1477 nin
439 1444 484 1476 sua
495 1441 551 1478 acta
565 1431 688 1493 collegam
703 1430 844 1481 Antistium
855 1433 959 1494 iurare»

48 1505 183 1574 probibuit
195 1523 201 1551 z
212 1505 313 1568 magula
321 1514 424 1568 patrum
437 1501 570 1561 laudibus,
579 1515 609 1558 ut
617 1503 733 1566 iuvenilis
743 1505 842 1553 animus
850 1541 856 1561 ‚
865 1505 962 1562 levium
1039 1531 1042 1576 3

48 1595 152 1644 quoque
164 1595 249 1627 rerum
268 1575 349 1642 glorid
366 1577 499 1636 sublatur,
513 1580 621 1640 maiores
637 1581 806 1628 continuaret.
825 1579 964 1639 secutaque
980 1623 981 1626 ,
1040 1593 1043 1630 ι

49 1654 144 1703 lenitis
153 1653 181 1700 iu
198 1652 323 1702 Plautium
333 1651 485 1701 Lateranum
495 1688 503 1711 ,
513 1664 589 1716 quem
602 1653 642 1700 ob
650 1652 803 1700 adulterium
815 1650 965 1699 Mersellina
1041 1644 1044 1690 l

51 1727 145 1779 ordine
160 1737 305 1784 remotum,
320 1723 434 1784 reddidit
445 1726 560 1783 senatui,
575 1725 743 1777 clementium
755 1743 833 1776 risam
852 1725 966 1773 obstrin·
1040 1725 1045 1776 l

51 1815 116 1868 gens
131 1800 228 1868 crebris
244 1798 418 1864 orationibus,
437 1816 500 1864 quas
519 1799 634 1861 Seuscm
650 1800 807 1862 testificando
823 1798 899 1864 quim
916 1797 966 1847 ho·
1041 1815 1046 1854 ε

51 1887 126 1928 netto
137 1873 302 1940 preciperet,
311 1874 352 1922 vel
363 1873 473 1939 iactandi
487 1874 596 1940 ingenii,
605 1887 668 1924 rece
680 1873 803 1940 princip-is
811 1873 942 1936 vulgabat.
1042 1865 1047 1930 ξ

87 1947 151 1999 x11.
166 1944 284 1996 Ceterum
297 1945 403 2000 intractu
416 1948 541 2014 paulatim
553 1950 666 2014 potentia
677 1948 781 2010 matris,
793 1945 896 2013 delapso
911 1944 969 1994 Ne·

53 2032 119 2074 rone
125 2022 152 2068 in
158 2020 384 2083 amoremlibertre‚
396 2020 437 2068 cui
446 2022 600 2068 vocabulum
607 2019 679 2072 Acte
688 2021 737 2068 luit
746 2039 751 2068 :
763 2021 839 2076 simul
848 2017 969 2083 adsump·
1044 2009 1048 2088 Ξ

53 2101 90 2149 tis
98 2097 127 2144 in
139 2095 318 2142 conscientiam
333 2091 436 2140 Othone
450 2104 476 2138 et
486 2093 595 2142 Claudio
605 2095 756 2154 Senecione,
774 2091 971 2142 adolescentulis

1 2192 2 2197 ¹
55 2167 299 2227 decoria:quorunt
309 2162 380 2212 Otho
391 2161 486 2210 lamilld
495 2165 631 2224 consulari,
644 2163 749 2212 Senecio
763 2165 853 2212 liberto
866 2161 971 2210 Creearis
1044 2157 1049 2176 ¹

55 2255 132 2311 patre
143 2233 260 2304 genitur,
277 2235 365 2303 ignari
376 2247 471 2290 matre,
486 2234 547 2284 dein
561 2231 652 2282 fruenti
662 2234 808 2304 obnitente,
818 2235 920 2300 penitira
933 2235 972 2282 ir·-
1044 2249 1049 2288 ι

56 2323 192 2381 repserant
200 2327 247 2378 per
256 2312 346 2362 lurum
359 2322 384 2361 et
392 2311 511 2376 ambigua
525 2321 638 2359 recreta:
649 2327 681 2358 ue
692 2305 973 2390 severioribn,apuidem
1048 2311 1049 2319 ’

58 2389 185 2456 principis
194 2385 283 2434 amicis
294 2384 503 2447 adversantibus,
514 2382 663 2432 muliercnld
674 2419 679 2440 ,
693 2381 762 2430 nulli
772 2379 919 2448 cuiusquam
932 2380 973 2426 iu·
987 2396 991 2400 ·

58 2461 140 2530 jurii,
157 2457 291 2525 cupidines
307 2457 430 2523 principie
448 2456 566 2522 explente
574 2475 583 2512 ‚-
595 2454 696 2517 qnando
714 2469 792 2501 uxore
804 2453 835 2500 ab
849 2451 968 2510 Octavii,

60 2534 146 2588 nobili
154 2531 274 2598 quidem,
286 2541 313 2579 et
324 2528 457 2596 probitatis
464 2539 595 2594 spectate,
606 2526 657 2576 lato
667 2525 791 2590 quodam,
801 2543 831 2573 au
842 2525 900 2590 quia
908 2539 975 2590 pree·

61 2609 150 2662 valent
162 2607 262 2668 illicita,
276 2603 430 2657 abhorrebat
440 2620 446 2650 :
458 2603 683 2664 metuebaturque,
697 2617 728 2649 ne
737 2602 762 2649 in
772 2611 858 2666 stupra
869 2598 980 2658 feminae,

62 2699 125 2736 rum
138 2679 277 2731 illustrium
288 2687 481 2745 prorumperet,
490 2676 513 2726 si
522 2675 565 2734 titt
576 2675 681 2725 libidine
691 2673 881 2742 prohiberetur.
965 2727 967 2736 ,

96 2754 172 2808 xm.
194 2754 245 2804 Sed
263 2734 402 2821 Agrippina
420 2754 559 2803 «tiberiam
571 2753 703 2820 emulum,
718 2767 809 2800 nurum
828 2749 978 2823 ancillamn,

66 2833 171 2898 aliaque
187 2827 308 2879 eumdem
324 2831 351 2877 iu
362 2828 642 2877 modummuiiebriter
658 2825 776 2876 fremere.
796 2826 883 2890 Neque
893 2823 980 2890 poeni-

68 2904 181 2962 tentiam
189 2901 251 2961 lilii,
262 2913 306 2950 aut
319 2901 462 2950 satietatem
473 2901 600 2966 opperiri:
612 2896 756 2963 quantdque
768 2896 870 2946 foediora
885 2910 982 2961 expro-

68 2978 178 3034 brabat,
199 2973 452 3024 acrids'aeeenderc:
468 2973 551 3026 donec
568 2976 592 3024 vi
609 2974 701 3022 umoris
715 2973 850 3026 subactus,
868 2973 983 3018 ersueret

70 3049 225 3114 obsequium
236 3049 261 3096 in
271 3052 397 3106 niatrem,
408 3064 484 3113 seque
492 3050 590 3098 Seneca
600 3046 767 3114 permitteret.
780 3045 816 3092 Er
826 3041 897 3108 cujus
907 3038 984 3088 lami-

68 3123 179 3179 l'raribus
188 3122 296 3171 Annaeus
305 3123 423 3179 Serenus,
433 3123 593 3172 simulatione
603 3119 698 3168 amoris
706 3111 946 3164 adremuseaindem
954 3109 986 3155 li·

1 3230 2 3233 =
71 3185 177 3248 bertam
185 3199 300 3261 ‚primos
316 3196 485 3245 adnleacentis
498 3193 629 3260 cupidines
646 3191 786 3246 velaverat,
797 3185 986 3250 praebueratque

72 3287 172 3332 nomeu
182 3307 190 3333 ,
199 3281 228 3318 ut
239 3285 294 3334 quae
306 3271 423 3336 princeps
433 3268 520 3316 furtim
532 3263 684 3313 mulierculae
697 3257 839 3310 tribuebat,
848 3255 891 3302 ille
903 3252 988 3319 palim

51 3367 61 3373 ·
72 3345 224 3412 largiretur.
232 3342 301 3394 Tum
309 3340 451 3408 Agrippina
456 3369 465 3404 ,—
476 3335 675 3390 venientibus,
685 3346 731 3396 per
741 3324 990 3388 blandimentajure·
