2100 3709
92 29 144 90 380
286 26 288 32 ⁴
412 43 436 84 c.
455 46 549 88 cour.
569 43 686 85 rscrrr

94 145 230 197 equosque.
240 128 296 180 Nisi
305 129 362 195 quis
372 130 481 191 retinet,
493 129 562 179 idem
572 145 672 187 suasor,
683 137 820 192 auctorque
831 126 940 178 consilii
952 145 1035 196 erus.¹

94 213 163 270 Vos,
175 210 267 276 quilius
278 211 378 262 fortuna
389 213 414 262 in
427 212 525 277 integro
535 222 573 261 est
583 247 589 270 ,
601 212 714 278 legiones
727 210 854 260 continete
867 229 873 258 z
886 211 955 260 milri
965 203 1035 260 ex-¹

94 283 192 350 pedite·
200 284 319 335 cohortes
331 286 464 336 sufficient.
479 285 534 333 lam
547 290 683 334 reseratam
695 283 795 331 Italiam
806 320 812 340 ‚
824 285 954 348 impulsas
967 285 1031 336 Vi-

95 360 160 411 tellii
170 376 210 410 res
218 361 327 412 audietis
338 381 343 410 :
353 363 451 424 juvabit
460 361 543 424 sequi,
557 371 583 410 et
594 358 708 424 uestigiis
719 359 843 407 vincentis
853 358 979 408 insistere
989 375 1028 410 n.

130 431 176 482 Ill.
188 435 248 485 Hae
256 436 411 501 atquetalis,
425 437 532 500 flagrans
540 432 636 490 oeulis,
648 431 713 480 truci
723 447 800 490 voce,
812 429 862 496 qud
871 431 959 480 latitia
970 450 1029 482 au·

95 506 193 557 diretur
202 507 305 575 (etenim
315 525 341 558 se
348 511 508 559 centuriones
515 518 540 556 et
550 506 653 572 qnidam
660 505 771 554 militum
781 503 891 553 consilio
899 506 1025 554 miscue-

95 579 173 647 rant),
181 580 316 638 itaelludit,
324 572 567 645 autcautosquuqne
576 576 909 645 acproridospermereret5
923 579 1025 644 vulgus

96 664 122 701 et
130 655 221 714 ceteri,
233 671 334 704 aunum
345 656 428 705 virum
437 653 615 718 ducemque»,
627 651 710 718 spreta
726 651 854 700 «aliorum
863 651 1019 716 segnitiae,

95 721 213 776 laudibus
220 726 322 777 ferrent.
330 725 402 776 Hanc
408 727 449 775 sul
455 723 678 775 lamameistatim
686 725 808 773 concione
815 723 1000 774 commoverat
1014 763 1023 785 ,

97 797 160 862 qud,
171 801 280 850 recitatis
291 801 441 868 Vespasiani
451 801 579 868 epistulis,
589 815 640 850 non
646 835 654 862 ,
667 810 695 848 ut
704 799 830 864 plerique,
842 799 947 846 ineerta
961 797 1000 848 dis
1009 826 1022 837 -

97 872 191 934 seruit,
201 873 251 924 huc
261 875 322 925 illuc
334 869 706 942 tracturus*interpretationem
713 910 721 937 ,
733 885 809 940 prout
822 871 997 922 conduxisset
1012 895 1020 939 ς

97 944 181 1008 aperte
195 945 353 997 descendisse
365 949 392 996 in
403 954 504 997 eausam
516 946 649 998 videbatur
663 962 759 1014 :eoque
775 946 871 1012 gratior
883 947 1024 999 militibus

20 1036 25 1040 ·
103 1029 171 1079 erat,
183 1021 261 1087 culpas
276 1022 319 1070 vel
330 1022 415 1086 gloriae
427 1023 520 1072 socius.

127 1089 176 1142 lv.
186 1093 305 1144 Proxima
316 1097 429 1146 Cornelii
436 1097 512 1146 Fusci
522 1097 693 1162 procuratoris
705 1095 842 1145 auctoritas
854 1111 859 1141 ε
871 1093 892 1141 is
907 1109 1017 1158 quoqne

101 1165 265 1217 inclementer
280 1169 306 1217 in
320 1169 454 1218 Vitellium
466 1168 551 1218 inrelri
565 1169 666 1230 solitus,
683 1168 746 1218 nihil
757 1167 871 1234 speisibi
884 1169 956 1215 iuter
968 1169 1021 1216 ad—

97 1254 170 1288 versa
182 1241 326 1305 reliquerat.
336 1235 488 1306 TsAmpius
497 1241 646 1300 Flavianus,
658 1239 748 1292 naturai
758 1257 786 1288 ac
796 1241 894 1290 renecti
905 1255 1020 1291 cuncta-

97 1323 153 1377 tor.
165 1314 322 1380 suspiciones
341 1314 453 1364 militum
472 1313 601 1374 irritabat,
612 1327 731 1380 tauquam
744 1314 871 1362 affinitatis
884 1331 947 1362 cum
965 1315 1018 1366 Vi-

50 1379 54 1385 ’
97 1385 169 1435 tellio
177 1390 348 1438 meminisset:
358 1387 484 1454 idemque,
494 1385 573 1452 quod,
582 1399 706 1453 coeptante
717 1387 846 1451 legionum
857 1397 942 1446 motu,
951 1404 1018 1452 pro-

97 1457 186 1526 fugus,
196 1459 255 1512 dein
270 1475 360 1529 sponte
374 1474 547 1520 remeaverat,
562 1461 670 1528 perfidia
685 1462 769 1511 locum
785 1460 903 1524 quesisse
918 1459 1014 1510 crede·
1034 1465 1035 1468 ’

98 1532 185 1586 batur.
195 1535 262 1588 Nam
274 1539 439 1599 Flavianum,
451 1537 543 1589 omissa
554 1537 700 1603 Pannonia,
711 1539 852 1606 ingressum
862 1536 978 1599 ltaliam,
988 1550 1013 1590 et

99 1606 242 1660 discrimini
253 1609 420 1679 exemptum,
431 1626 516 1660 rerum
530 1626 654 1659 novarum
666 1609 761 1677 c'upido
772 1609 851 1675 legati
861 1625 958 1659 nomen
969 1625 1013 1660 re-

99 1696 216 1746 sumere,
229 1696 256 1732 et
264 1685 365 1734 misceri
377 1684 496 1735 civilibus
508 1683 585 1730 armis
597 1683 746 1749 impulerat,
757 1682 880 1730 suadente
894 1682 1014 1731 Cornelio

100 1751 200 1818 Fusco;
213 1759 332 1821 nunquia
345 1753 470 1805 industrii
480 1753 710 1819 Flavianiegebet,
724 1753 767 1803 sed
780 1767 808 1804 ut
820 1757 950 1806 consulare
963 1774 1016 1806 nu-

100 1841 162 1877 men
172 1831 332 1896 surgentibus
345 1846 425 1896 quum
435 1829 549 1879 maximi
563 1817 678 1896 partibus
692 1828 798 1880 honesti
809 1831 891 1897 specie
900 1843 1015 1898 preten-

102 1899 213 1953 deretur.

140 1975 174 2025 V.
187 1975 321 2043 Ceterirm,
334 1991 364 2027 ut
375 1978 548 2029 transmittere
561 1977 587 2026 in
600 1975 716 2037 Italiam,
729 1977 832 2045 impune
841 1979 888 2038 ,et
897 1978 956 2028 usui
970 1977 1012 2028 su·

101 2056 155 2108 ret,
168 2049 291 2114 scriptum
303 2051 405 2116 Aponio
414 2053 550 2101 Saturnino
561 2059 636 2112 ,cum
646 2055 765 2102 exercitu
777 2057 891 2106 Mcesico
906 2053 1011 2106 celera·

102 2131 153 2173 ret.
164 2121 201 2172 Ac
213 2140 245 2172 ne
258 2124 366 2175 inermes
377 2126 513 2192 provintie
528 2125 641 2174 barbaris
655 2126 800 2176 nationibus
810 2139 1009 2192 exponerentur,

101 2197 231 2263 principes
246 2199 416 2250 Sarmatarum
433 2201 570 2266 lemgum,
583 2213 660 2266 penes
676 2214 739 2262 quos
757 2200 865 2248 civitatis
882 2201 1009 2266 regimen,

102 2272 130 2319 in
141 2271 320 2331 commilitium
333 2275 440 2332 adsciti,
455 2276 557 2341 plebem
570 2287 685 2336 quoque,
698 2281 725 2324 et
741 2277 797 2325 vim
809 2277 929 2344 equitum
936 2312 947 2334 ‚
961 2277 1010 2339 qui

85 2386 91 2392 .
103 2341 157 2390 soli
169 2346 253 2394 valent
259 2385 268 2408 ,
281 2347 434 2397 offerebant:
447 2349 582 2395 remissum
598 2345 625 2392 id
635 2362 728 2394 munus
735 2383 742 2410 ,
752 2346 863 2395 ne‘inter
873 2348 1011 2398 discordias
1034 2405 1035 2410 ¹

95 2428 207 2475 ‚esterna
217 2421 384 2485 molirentur,
397 2434 441 2470 aut
456 2421 550 2488 majore
565 2438 595 2470 ex
605 2419 709 2470 diverso
723 2420 854 2480 mercede,
869 2420 908 2482 jus
924 2419 1012 2487 larque

103 2505 245 2542 exsuereot.
258 2495 405 2545 Trahuntur
416 2497 442 2544 in
454 2507 537 2561 partes
547 2493 605 2543 Sido
617 2505 691 2560 atque
703 2495 819 2554 italicus,
831 2511 903 2559 reges
911 2493 1013 2547 Suevo—
1034 2527 1035 2550 r

104 2580 179 2623 rum,
194 2567 252 2632 quis
263 2580 334 2617 retus
350 2570 502 2633 obsequium
514 2585 571 2634 erga
585 2567 730 2618 Romanos:
747 2581 773 2616 et
788 2583 848 2633 gens
865 2569 920 2616 fidei
936 2585 1012 2618 com·

104 2638 184 2689 missar
193 2641 328 2704 patientior
340 2659 345 2688 :
357 2644 439 2708 posita
451 2638 555 2691 inlatus
567 2640 674 2699 auxilia,
687 2639 777 2688 infesti
788 2640 880 2696 Raetisi,
892 2643 932 2688 cui
942 2643 1010 2690 Por-

104 2712 155 2760 t‘tua
163 2713 317 2777 Septiminus
327 2726 478 2779 procurator
489 2726 556 2772 erat,
569 2715 718 2780 incorrupte
731 2729 788 2775 erga
800 2712 933 2762 Vitellium
943 2716 1011 2769 fidei.
1034 2777 1035 2782 ¹

104 2781 185 2848 Igitur
195 2787 313 2837 Sextilius
325 2788 396 2837 Felix
406 2787 511 2836 cumali
523 2786 633 2836 Auriund
643 2799 669 2836 et
677 2798 736 2834 octo
745 2785 907 2847 cohortibus,
919 2805 947 2837 ac
956 2792 1009 2840 No·
1034 2791 1035 2794 ’

103 2858 216 2907 ricorum
233 2861 379 2920 iuventute,
399 2862 431 2910 ad
443 2861 621 2930 occupandam
634 2863 714 2926 ripam
727 2860 787 2908 AEui
803 2861 928 2925 fluminis,
940 2867 1009 2928 quod

104 2931 188 2980 Raetos
201 2933 358 2996 Noricosque
371 2934 510 2994 interfluit,
527 2934 635 2982 missus:
649 2949 694 2981 nec
710 2933 748 2981 liis
756 2945 820 2994 ,aut
830 2933 881 2982 illie
896 2939 1007 3002 pralium

87 3034 90 3039 ,
105 3005 262 3055 tentantibus
273 3003 391 3058 ..fortuna
403 3007 511 3070 partium
524 3006 587 3054 alibi
601 3018 734 3055 transacta.

139 3077 186 3130 Vl.
204 3074 332 3138 Antonio,
346 3079 490 3128 vexillarios
501 3078 515 3126 t
527 3077 674 3130 cohortibus
684 3117 693 3142 ,
703 3091 728 3128 et
739 3091 837 3145 partem
850 3083 960 3145 equitum
974 3088 1003 3136 ad

106 3145 275 3200 invadendam
289 3151 388 3218 ltaliam
398 3152 520 3217 rapienti,
531 3143 616 3200 comes
629 3151 675 3200 suit
684 3151 774 3202 Arrius
784 3151 883 3216 Variis,
895 3166 1001 3208 strenuus

106 3223 174 3271 bello
186 3260 192 3278 ‚
206 3241 282 3290 quam
293 3225 401 3292 gloriam
415 3238 441 3275 et
455 3225 506 3274 dux
524 3225 656 3282 Corbulo,
671 3237 698 3274 et
715 3239 839 3290 prosperae
854 3228 879 3274 in
890 3226 1000 3279 Armenii

106 3289 319 3354 rer;addt‹teraur.
335 3290 405 3347 Idem
414 3327 423 3359 ,
440 3293 566 3348 usssretis
582 3289 650 3362 apud
666 3290 794 3345 Neronem
810 3294 981 3348 sernronibusu
990 3331 997 3358 ,
