2100 3709
91 50 143 106 trs
412 62 437 97 c.
458 62 552 98 conr.
577 57 694 130 rising

93 152 165 200 locus
178 146 253 198 locet.
262 143 334 196 Nihil
345 144 474 200 evenisse,
485 158 530 192 cut
541 140 680 206 antiquitus
691 139 808 192 instituta
819 143 994 196 exolescere

94 235 139 274 aut
148 221 270 291 principis
278 219 397 269 honorio
408 217 556 281 cujusquam
565 217 747 266 contumeliam
758 229 910 269 verteretur
925 238 933 268 s
953 237 982 269 su
990 228 1001 263 t‘

96 313 153 346 cere
162 310 252 345 omues
262 293 386 358 obsequio
395 309 401 340 ι
413 291 439 340 id
451 290 531 357 magis
541 289 687 352 vitandum,
695 307 728 338 ne
737 291 883 355 pervicaciai
892 309 984 358 quoru
993 326 1001 335 ,.

42 381 45 385 ·
96 370 157 418 darn
176 370 317 418 irritaretur
329 371 443 424 animus,
462 382 533 415 noro
549 366 695 432 principatu
710 382 861 432 suspensus,
882 381 913 418 et
934 371 1000 418 vult

96 459 197 508 quoque
208 460 238 492 ac
248 459 377 492 sermones
387 441 503 490 omniurn
511 440 733 506 circumspectans.
740 441 773 488 Se
780 441 943 490 meminisse
954 453 1001 490 tem

96 533 206 584 porum,
223 517 316 581 quibus
329 529 403 566 naus
418 516 465 577 sit,
477 529 553 578 quem
570 513 680 561 civitatis
697 513 806 562 sormam
821 525 914 580 patres
929 517 986 563 avi
1009 546 1012 549 -

98 589 274 640 i'uttitnerint:
288 588 409 638 ulteriora
419 589 523 649 mirari,
534 586 665 652 praesentia
677 589 747 650 sequi
759 603 766 634 ε
778 587 861 636 bouos
871 589 1001 654 imperat

99 673 340 729 resvotcexpeterc,
348 663 546 726 qualescumque
555 661 673 708 tolerare.
684 658 744 708 Non
754 661 834 726 magia
842 661 891 710 sitsi
902 663 1000 710 oratio
1010 696 1012 699 v

99 736 255 796 Tbraseam,
275 734 351 800 quim
371 735 465 797 iudicio
484 725 586 783 tenetls
606 733 746 782 adflictum.
759 731 890 782 Sanitium
902 733 1004 783 Neron'

97 825 144 874 per
162 808 307 872 hujusmodi
322 809 442 871 imagines
459 807 586 855 illusisse:
603 821 651 853 nee
663 804 749 854 minias
761 805 809 854 sibi
821 808 929 856 anxiam
946 809 1018 856 talen

78 895 81 898 ’
102 883 255 943 amicitiam,
267 881 342 947 quim
352 883 406 932 sltis
416 881 671 956 exsiliumDenique
679 879 834 938 constantii,
846 882 1015 942 fortitudine,

102 955 242 1004 Catonibus
258 966 284 1004 et
298 956 384 1004 Brutis
397 965 538 1020 squaretur
553 951 705 1002 Helvidius:
721 968 747 1000 se
764 967 843 1001 unum
855 969 915 1002 esse
930 971 965 1004 ex
979 957 1017 1006 illu

101 1040 208 1092 seustu,
218 1029 263 1092 qui
272 1029 350 1079 simul
361 1030 488 1079 ser-vierit.
499 1025 611 1076 Suadere
622 1027 698 1075 etiarn
709 1027 847 1086 Prisco,ne
857 1042 942 1096 supra
953 1032 1018 1096 prin·

102 1104 185 1166 cipem
204 1101 353 1168 scandere13
367 1118 399 1151 ne
415 1102 617 1167 Vespasianum,
631 1115 716 1149 senem
728 1099 913 1167 triumphalem
925 1139 933 1161 ,
946 1103 1018 1167 jure·

102 1192 165 1224 num
178 1176 319 1226 liberorum
331 1189 445 1243 patrem,
456 1177 589 1242 praeceptis
601 1185 737 1223 coerceret.
750 1175 889 1239 Quomodo
899 1179 1019 1246 pessimis

105 1253 304 1318 imperatoribus
313 1257 368 1307 siue
379 1255 430 1306 sne
443 1254 660 1312 dominationem,
673 1253 706 1300 ita
717 1253 833 1317 quamvis
840 1256 954 1320 egregiis
964 1239 1030 1306 moi

104 1325 166 1376 durn
183 1328 309 1380 libertatis
324 1331 460 1398 placeres.
478 1331 537 1379 Haec
549 1327 649 1393 maguis
663 1327 790 1392 utrimque
799 1329 1014 1381 contentionibus

102 1401 208 1464 jactata,
221 1403 326 1454 dirersis
340 1404 432 1454 studiis
441 1405 637 1470 accipiebantur.
649 1403 719 1450 Vicit
728 1413 867 1467 pemque
874 1405 971 1454 sortiri
984 1405 1017 1453 le·
1032 1460 1033 1466 ¹

89 1491 91 1494 ’
105 1486 176 1539 gatos
184 1477 303 1537 malebat,
311 1479 388 1526 etiam
394 1476 487 1525 mediis
494 1489 596 1543 patrum
604 1475 779 1525 adnitentibus
789 1477 900 1528 retinere
909 1491 1016 1528 morem.

104 1551 140 1600 Et
154 1549 374 1616 splendidissimus
385 1553 493 1616 quisque
506 1549 598 1601 eodem
612 1550 765 1610 inclinabat,
776 1561 850 1603 metu
861 1549 986 1618 insidia,
1000 1556 1018 1604 si
1034 1607 1035 1626 χ

106 1621 157 1689 ipsi
169 1625 333 1689 eligerentur.

141 1696 189 1750 lX.
207 1700 327 1748 Secutum
336 1699 406 1748 aliud
416 1711 556 1748 certamen.
564 1701 687 1750 Pratores
696 1700 775 1749 erarii
786 1699 855 1766 (narn
862 1701 948 1757 sumi
959 1721 1021 1771 pra.

106 1770 209 1820 toribus
226 1775 382 1822 tractabatur
400 1774 527 1841 erarium)
543 1774 684 1842 publicam
705 1784 900 1848 paupertatem
920 1779 1021 1845 questi,

105 1846 212 1896 modum
224 1847 356 1915 impensis
366 1846 563 1910 postulaverant.
579 1849 643 1897 Eam
655 1861 745 1896 curam
756 1850 846 1900 consul
856 1850 1020 1920 designatus,

106 1918 141 1966 ob
150 1918 350 1982 magnitudinem
359 1919 457 1982 oneris,
467 1932 494 1968 et
505 1919 612 1970 remedii
621 1919 810 1983 difficultatem,
821 1925 934 1994 principi
942 1945 1019 1980 reser-

106 1990 194 2039 sabas
204 1988 337 2038 Helvidius
346 1993 464 2052 arbitrio
474 1989 589 2046 serraliis
598 1995 736 2063 agencium
745 1999 851 2047 censuit.
864 2001 956 2064 Quum
965 2020 1018 2069 per·

107 2074 224 2127 rogarent
244 2063 382 2113 sententias
397 2066 528 2127 consules,
550 2067 685 2118 Vulcatius
705 2070 878 2130 Tertullinus,
900 2075 1038 2128 tribunus¹

107 2136 205 2204 plebis,
219 2138 374 2198 intercessit,
387 2159 420 2191 rte
438 2143 505 2211 quid
517 2159 599 2212 super
615 2145 701 2194 rania
712 2137 748 2205 re,
758 2146 878 2212 principe
895 2150 1019 2213 absente,

110 2212 287 2263 statueretur.
300 2212 437 2264 censuerat
445 2214 590 2273 Helvidius,
601 2225 629 2268 ut
644 2216 811 2289 Capitolium
818 2219 934 2288 publicai
944 2228 1019 2276 resti-

111 2293 241 2345 tueretur,
256 2288 401 2357 adjuvuret
416 2290 609 2355 Vespasianus.
625 2289 687 2340 Eam
699 2293 851 2342 sententiam
862 2296 1020 2346 modestissi-

108 2371 166 2405 ruus
182 2358 288 2424 quisque
306 2361 424 2438 silentio,
442 2361 535 2412 deinde
555 2364 651 2413 oblivio
665 2365 811 2416 transmisit.
823 2366 918 2434 Fuere,
935 2372 981 2436 qui
997 2382 1020 2420 et

44 2487 46 2493 Ι
110 2447 299 2485 merurnnsent.

144 2507 179 2555 X.
197 2509 265 2558 Tum
278 2512 393 2562 invectus
404 2511 584 2562 estbluscnius
593 2511 675 2563 liuius
691 2514 718 2565 in
733 2515 875 2566 nPublium
889 2518 1021 2581 Celerem,

112 2576 127 2625 i
140 2596 191 2644 quc
202 2582 307 2633 Baream
318 2585 443 2636 Soranum
457 2587 520 2638 salso
532 2589 680 2638 testimonio
691 2589 893 2642 circumventum
903 2609 918 2641 n
928 2609 1022 2658 argue·

111 2649 167 2704 bat.
180 2656 216 2703 Ei
235 2661 379 2724 cognitione
390 2664 507 2711 renovari
522 2661 580 2712 odic
592 2663 780 2714 accusationum
794 2665 945 2718 ridebantur
956 2684 962 2716 :
974 2667 1018 2716 sed

111 2726 170 2775 vilis
184 2741 211 2777 et
228 2747 323 2782 nocens
340 2752 398 2784 reus
417 2735 515 2802 protegi
531 2755 582 2786 uon
594 2750 703 2803 poterut.
721 2739 822 2806 Quippe
834 2741 924 2790 Sorani
933 2753 1017 2792 sancta

114 2804 239 2852 anemoria
252 2808 346 2857 :Celer
363 2809 490 2877 professus
510 2813 657 2878 sapientiam
667 2849 673 2873 ,
694 2812 756 2862 dein
770 2815 842 2863 testis
860 2816 885 2863 iu
902 2815 1016 2878 Beream,

111 2872 231 2936 proditor
249 2893 433 2948 corruptorque
455 2886 547 2946 arnici,
567 2899 593 2935 et
610 2887 681 2948 cujus
699 2903 726 2937 se
746 2889 894 2952 magistrum
913 2887 1014 2939 serebat.

111 2945 248 2995 Proximus
257 2950 311 2999 dies
320 2971 399 3002 causa
408 2956 558 3011 destinatur.
569 2961 621 3009 Nec
632 2972 684 3009 tam
697 2960 837 3010 Musonius
844 2972 889 3010 eut
898 2962 1014 3024 Publius,

110 3015 186 3082 quim
199 3019 297 3070 Priscus
306 3036 333 3073 et
342 3026 490 3089 Marcellus,
501 3033 639 3098 ceterique,
652 3034 728 3084 motis
738 3032 772 3081 ad
783 3033 907 3084 ultionem
919 3038 1013 3097 culmis,

112 3096 333 3158 exspectabantur.

143 3166 191 3214 Xl.
209 3171 265 3218 Tuli
279 3189 362 3227 rorum
374 3186 459 3235 statu,
473 3194 552 3242 quum
566 3179 691 3233 discordia
708 3185 773 3233 inter
784 3196 884 3250 patres,
902 3187 936 3235 ira
949 3188 1012 3253 apud

115 3239 196 3290 victos
205 3245 288 3300 ,nulla
299 3247 326 3296 in
337 3249 475 3300 victoribus
485 3257 634 3317 auctoritas,
643 3275 695 3306 non
707 3259 792 3324 leges,
804 3275 856 3310 nou
868 3261 980 3328 princeps
989 3263 1014 3312 in

113 3312 217 3366 civitate
231 3333 327 3397 esseut,
344 3325 492 3415 Mupisuus,
508 3330 598 3381 urbem
608 3331 733 3400 ingressus
740 3368 749 3399 ,
761 3345 852 3386 cuncta
865 3335 940 3388 simul
951 3338 975 3387 iu
986 3353 1010 3392 se

876 3465 881 3490 1
