2100 3709
42 19 91 76 ald
361 29 385 71 a.
403 14 496 73 costi.
516 32 630 72 recres

41 121 140 190 posita,
150 122 228 172 nullis
239 122 363 172 testibus
358 124 473 173 innixum
485 125 558 173 facili
569 123 718 175 confutavit.
731 125 794 176 Sed'
788 145 842 195 ipsa
853 129 880 179 in
891 145 966 181 eus-

43 193 114 245 rodit
129 207 226 246 retenta
242 207 293 256 est,
308 209 467 262 suspectante
488 199 606 260 Nerone,
623 198 693 247 haud
709 199 770 262 salse
786 217 858 266 etse,
875 204 966 255 ettam

44 285 99 335 quar
110 286 169 318 rera
181 287 231 318 uon
243 269 425 336 probabantur.

80 341 137 392 Ltt.
152 344 295 407 Coniuratis
314 356 397 393 tarneu
416 357 486 396 metu
504 344 656 413 proditionis
671 350 814 414 permotis,
830 349 964 414 placitum

45 417 961 488 maturarecaedemspndBaias,iuvilliPisonis:cujusarnoenitatecap-

44 505 90 541 tus
103 493 183 542 Caesar
192 490 280 541 crebris
292 494 447 552 ventitabat,
460 496 611 560 balneasque
623 508 649 546 et
658 497 743 560 epulas
752 499 848 554 inibat,
858 496 966 546 omissis

46 566 179 624 excubiis,
190 578 215 614 et
227 566 333 614 fortune
347 583 396 614 sua
408 569 484 618 mole.
498 567 548 616 Sed
557 570 646 618 abnuit
657 568 731 627 Piso,
746 571 879 622 invidiam
891 586 966 635 prae-

47 637 173 702 tendens,
187 657 202 688 a
213 641 234 688 si
248 656 317 690 sacra
326 657 432 697 mensa,
445 639 532 704 diique
542 639 681 705 hospitales
692 643 758 691 cade
768 645 966 709 qualiscumque

47 713 172 782 principis
181 722 374 762 cruentarentur
384 729 389 760 r
399 712 490 761 meliirs
498 712 565 778 apud
573 715 677 771 urbem,
688 715 713 763 in
723 717 767 764 itta
776 716 859 766 invisi
868 730 895 765 et
902 733 969 782 spo·

47 787 90 840 liis
101 788 196 835 civium
208 786 334 834 exstructi
346 784 435 845 domo,
449 787 489 834 rel
500 787 527 838 in
542 787 645 851 publico
658 799 803 852 patraturos
810 826 819 854 ,
834 789 906 855 quod
915 805 967 854 pro

47 859 179 926 republicd
190 859 389 924 rtrscepissentn.
406 859 464 910 Haec
475 858 501 905 in
513 874 649 907 commune
662 876 668 906 :
683 860 797 910 ceterum
808 864 903 911 timore
916 879 966 912 oc-

49 935 134 989 culto.
146 933 221 981 neL.
234 932 350 993 Silanus,
340 949 448 984 eximia
436 931 595 980 nobilitate
603 932 851 998 ,ιίἰιοὶρίιιιέιιιιιιο.
865 935 968 996 Cassii,
1041 950 1042 993 ι

50 1005 119 1076 apud
129 1023 204 1071 quem
216 1005 338 1054 educatus
349 1017 415 1063 erat,
427 1004 458 1052 ad
470 1020 573 1052 ornnem
585 1003 764 1067 claritudinem
777 1007 926 1067 sublatus,
920 1026 971 1057 rm·

50 1084 151 1166 perium
163 1078 310 1137 insederat,
325 1077 443 1146 promptis
459 1074 556 1126 daturis
570 1093 689 1143 oper,am
704 1081 747 1142 qui
760 1077 774 1126 'a
787 1078 967 1144 conjuratione

53 1156 147 1218 integri
157 1166 249 1212 essent,
258 1155 351 1218 quique
361 1155 540 1202 miserarentur
550 1153 689 1213 Neronem,
700 1165 818 1216 tauquam
829 1169 875 1218 per
885 1156 972 1204 scelus
1041 1140 1042 1171 l

54 1227 228 1280 interiectum.
237 1229 353 1292 Plerique
363 1227 483 1277 uVestini
492 1244 593 1292 quoque
600 1227 712 1276 consulis
719 1243 775 1276 acre
786 1228 920 1292 ingenium
931 1231 971 1277 vi·
1041 1222 1042 1273 J

52 1304 148 1355 sevisse
158 1303 276 1351 Pisonem
291 1305 477 1362 crediderunt,
493 1319 525 1350 ne
538 1301 551 1350 ir
563 1303 679 1366 libertate
691 1311 852 1364 moveretur,
865 1303 906 1350 rel
918 1302 971 1350 de·
1041 1294 1042 1303 ¹

56 1377 126 1426 lecto
136 1377 286 1442 imperatore
297 1378 355 1438 alio,
367 1378 406 1426 sui
414 1377 527 1426 muneris
537 1375 719 1440 rempublicam
730 1375 823 1423 laceret
830 1393 855 1424 n.
865 1377 971 1426 Etenim
1041 1394 1042 1401 ¹

55 1468 148 1517 expers
159 1453 338 1514 coniurationis
348 1463 417 1516 erat;
431 1449 546 1532 quamvis
558 1464 633 1515 super
645 1465 676 1497 eo
687 1449 792 1498 crimine
807 1449 877 1500 Nero
890 1458 970 1501 vetus
1041 1478 1042 1511 f

56 1523 194 1576 adversus'
189 1537 315 1574 insontem
326 1525 414 1572 odium
423 1523 571 1587 exploserit.

90 1597 158 1650 tht.
172 1599 286 1648 Tandem
302 1597 426 1651 statuere,
440 1594 597 1642 Circensium
612 1593 731 1642 ludorum
744 1595 801 1658 die,
817 1596 863 1660 qui
878 1597 969 1646 Cereri

59 1671 203 1719 celebratur
204 1686 325 1733 exsequi
317 1668 477 1716 destinata
488 1681 546 1728 quia
559 1664 647 1724 Caesar,
660 1684 732 1717 rarus
744 1684 859 1734 egressu
875 1655 973 1719 dordo-

59 1759 110 1806 que
118 1755 163 1791 aut
172 1741 253 1791 hortis
261 1744 375 1796 clausus,
387 1737 420 1787 ad
428 1735 524 1786 ludicra
536 1738 604 1786 Circi
616 1742 771 1799 ventitabat,
786 1743 974 1810 promptiores·

59 1811 518 1880 queadituserantlastitiispectaculi
528 1811 974 1882 Ordineminsidiiscomposuerant,
1041 1822 1042 1861 t

65 1907 80 1937 ιι
89 1901 118 1939 ut
129 1892 267 1940 Lateranus
277 1907 347 1954 qnasi
339 1886 497 1938 subsidium
509 1904 548 1937 ret
540 1887 673 1939 'familiari
685 1903 782 1955 oraret,
796 1892 976 1968 deprecabun·
1041 1902 1042 1943 t

65 1962 127 2020 dus,
142 1975 168 2012 et
178 1965 283 2029 genibus
293 1955 416 2030 principis
428 1961 560 2025 accidens,
571 1977 740 2048 prosterneret
751 1965 895 2029 incautum,
910 1983 976 2032 pre·

63 2050 208 2102 rueretque,
216 2040 294 2088 auirm
287 2037 416 2096 'validus,
426 2038 674 2104 etcorporeirrgeus
680 2036 762 2085 Tum'
758 2050 881 2099 iacentem
892 2049 918 2087 et
928 2039 977 2086 inr-
1041 2042 1042 2047 ’

62 2111 193 2180 peditum,
204 2113 298 2162 tribuni
307 2123 333 2161 et
342 2111 516 2171 centuriones,
529 2122 555 2160 et
564 2121 745 2170 ceterorumut
753 2112 860 2175 quisque
872 2108 977 2158 auden-

62 2187 105 2235 sia
117 2185 263 2246 habuisset,
277 2198 451 2245 accurrerent,
467 2183 672 2249 tr·ucidarentqaie
684 2202 690 2232 :
701 2186 796 2250 primas
808 2184 856 2234 sibi
868 2197 979 2250 partes»

65 2261 244 2326 expostulante
255 2261 362 2310 Saevino
371 2259 431 2322 ,qui
442 2259 596 2324 pugionem,
607 2257 704 2323 templo
714 2256 828 2305 Salutis'
822 2274 848 2305 ru
858 2255 978 2321 Etruria,

64 2333 132 2398 sire,
143 2345 172 2384 ut
182 2335 225 2383 alii
237 2331 376 2392 tradidere,
388 2335 504 2382 Fortuna
515 2331 675 2381 Ferentano
668 2347 695 2378 ιιι
706 2329 802 2396 oppido
813 2329 959 2379 detraxerat
970 2363 979 2391 ‚

62 2396 593 2475 gestabatquerelutmagnooperisacrum.
609 2404 734 2455 uluterim
749 2404 808 2455 Piso
816 2404 883 2468 apud
898 2404 979 2454 adem

64 2479 164 2530 Cereris
175 2483 342 2548 opperiretur,
351 2480 419 2530 unde
429 2497 487 2529 sum
498 2480 630 2546 prefectus
639 2480 734 2536 Penius
741 2489 766 2524 et
775 2479 854 2525 ceteri
864 2476 980 2526 accitum
990 2523 996 2533 ,
1041 2482 1042 2509 ³

63 2552 174 2604 ferrern
169 2573 193 2605 ιιι
204 2569 297 2616 castra
309 2556 446 2606 comitante
455 2553 582 2615 Antonia
592 2552 684 2601 claudii
696 2552 798 2599 Caesaris
808 2550 870 2605 fitia
886 2550 918 2600 ad
928 2552 982 2600 eh·-

63 2625 186 2676 ciendum
196 2629 264 2692 vulgi
275 2591 429 2677 ldvorernn:
441 2627 509 2696 quod
521 2629 550 2676 c,
563 2625 661 2674 Plinius
673 2635 808 2672 memorat.
819 2624 900 2674 Nobis
912 2642 980 2690 quo·
992 2649 1000 2660 ·

20 2711 23 2720 ·
61 2711 117 2764 qun
127 2699 204 2747 modo
215 2698 393 2748 traditumnon
405 2699 550 2746 occultare
544 2715 570 2745 ιιι
581 2713 671 2745 ιιιιιιιο
677 2692 740 2752 tuit
756 2710 873 2757 quamvis
884 2697 980 2747 absur-
1026 2694 1034 2759 ’,

67 2769 130 2819 dunr
141 2771 284 2831 rideretur,
296 2780 339 2818 aut
349 2771 449 2821 inanem
459 2769 492 2816 ad
503 2785 574 2834 spem
584 2767 721 2816 Antoniam
731 2782 826 2814 nornen
839 2780 864 2815 et
876 2770 978 2834 pericu·

68 2843 123 2893 lum
134 2843 346 2908 commodavisse
359 2855 402 2891 aut
411 2843 547 2900 Pisonem
560 2855 652 2891 uotum
662 2855 749 2888 amore
761 2855 861 2898 uxoris
871 2843 915 2889 alu
923 2859 981 2892 ma

69 2910 191 2966 trimonio
202 2932 227 2964 se
240 2879 420 2964 obstrinxisse.
432 2917 480 2964 nisi
491 2920 513 2964 si
523 2914 617 2982 cupido
629 2912 778 2994 dominandi
786 2915 886 2963 cunctis
897 2913 977 2964 allec-
1041 2903 1043 2909 ’

69 2987 140 3038 tibus
150 2989 294 3054 flagrantior
306 2999 352 3040 eat.

104 3058 172 3113 LIV
183 3061 233 3110 Sed
243 3077 334 3110 mirum
344 3077 438 3126 quam
450 3058 517 3109 inter
529 3057 622 3108 diversi
634 3071 747 3122 generis
758 3056 870 3117 ordinis,
885 3060 982 3119 atatis,

71 3135 162 3202 sends,
175 3135 241 3186 dites
249 3153 402 3202 ‚‚pauperas
418 3133 592 3182 taciturnitate
601 3132 688 3178 omnia
699 3129 842 3180 cohibita
822 3143 888 3179 sint
881 3132 979 3196 ‚donec

74 3209 187 3276 proditio
196 3210 292 3279 coepiti
305 3210 381 3259 domo
390 3204 506 3258 Sceiini:
518 3223 563 3271 qm
555 3204 655 3271 pridie
665 3196 828 3260 insidiarum,
838 3168 921 3258 multo
929 3224 980 3256 ser-

73 3295 150 3344 moue
159 3299 218 3336 cunr
231 3282 345 3340 Antonio
353 3283 456 3344 ilerde,
467 3281 527 3333 dein
535 3295 663 3347 regressus
673 3277 793 3340 domum,
804 3271 979 3336 testamenttin

36 3531 195 3632 A
