2100 3709
111 80 163 132 Isau
286 94 290 100 ’
436 93 461 130 e.
480 92 576 131 oortrr.
593 67 706 130 rt'crrr

114 175 268 225 Batavorum
282 173 416 238 obtinens,
431 184 565 239 utramque
581 171 666 222 Rheni
681 173 776 238 ripam,
792 169 844 237 qud
860 173 1043 224 truculentior

114 250 172 300 risu
184 246 264 312 loret,
279 249 465 298 Germanorum
475 249 585 298 catervis
595 247 708 314 complet
719 282 726 306 ,
741 244 886 298 adsultante
899 264 951 314 per
963 265 1039 298 carn·

113 338 161 389 pos
172 323 266 387 equite.
276 322 357 371 Simul
366 337 442 370 nares
454 322 480 369 in
488 319 624 370 adversum
635 336 736 369 amnem
746 321 894 386 agebantur.
907 318 982 371 Hinc
995 339 1041 372 vs·

113 407 259 445 teranarurn
274 395 418 461 cohortium
435 396 520 459 signa,
535 394 594 442 inde
607 393 764 460 depromptae
778 394 849 442 silvis
860 394 983 460 lucisque
1000 396 1042 445 le-

113 484 200 518 rarum
211 470 345 538 imagines,
365 481 395 518 ut
408 472 498 533 cuique
513 471 583 535 genti
599 469 664 518 inire
676 469 791 535 praelium
804 485 859 518 mos
878 480 936 526 est,
954 469 1040 519 mixti

111 541 173 592 belli
182 543 262 592 civilis
269 543 414 608 externique
421 542 484 592 iacis
495 540 833 608 obstupefecerantobsessoa
844 559 851 606 5
862 553 888 590 et
898 558 977 608 spem
988 557 1042 609 op·

114 605 282 682 pugnantium
296 618 403 684 augebat
420 613 561 683 amplitudo
582 615 658 679 valli,
676 615 745 679 quod
765 614 864 664 duabus
879 615 1040 682 legionibus

113 690 210 748 situm,
226 693 271 740 rix
286 691 396 755 quinque
412 690 492 740 millia
509 701 666 738 armatorum
683 687 857 738 Romanorum
877 690 1037 739 tuebantur.

110 761 162 810 Sed
176 763 283 813 lixarum
297 762 449 826 multitudo,
468 761 571 816 :arhart
584 778 644 830 pace
659 762 719 826 illuc
738 773 904 829 congregata,
921 763 1036 825 etxbello

112 836 229 886 ministra
241 839 337 887 aderat.
623 900 627 907 .
898 830 918 839 ’

143 909 242 961 XXIII.
249 911 310 961 Pars
316 923 456 961 castrorum
466 911 507 968 ‚in
518 911 610 960 collem
619 911 710 960 leniter
718 909 869 976 adsurgens}
883 926 949 976 pars
958 925 1035 976 aequo

110 980 228 1032 adibattu·
240 1003 245 1032 :
259 986 367 1051 quippe,
385 985 435 1033 illis
447 983 559 1032 hibernis
574 981 684 1032 obsideri
705 984 833 1049 premique
853 985 1034 1042 Germanias,

109 1054 238 1120 Augustus
249 1057 408 1108 crediderat:
421 1073 503 1122 neque
516 1073 628 1120 unquam
643 1055 670 1103 id
681 1057 819 1119 melorum,
837 1068 866 1105 ut
884 1073 1031 1123 oppugna-

108 1137 166 1179 tum
176 1133 244 1198 ultro
255 1136 367 1201 legiones
380 1147 478 1182 nostras
491 1134 616 1182 venirent.
630 1129 692 1180 lude
710 1150 761 1181 non
778 1132 849 1196 loco,
865 1149 955 1198 neque
967 1151 1031 1182 rnu-

109 1205 231 1256 nitnentis
250 1209 322 1258 labor
343 1207 462 1256 additus:
478 1208 517 1258 ris
541 1218 566 1256 et
585 1222 653 1254 arma
670 1206 731 1255 satis
749 1206 893 1271 placebant.
916 1207 1031 1266 Batavi,

109 1277 363 1348 Transrhenanique,
382 1283 434 1346 qud
452 1282 559 1358 discrpta
576 1281 656 1328 virtus
674 1278 830 1329 manifestius
847 1291 1031 1346 spectaretur,

109 1353 157 1402 sibi
166 1371 269 1420 quaeque
282 1373 343 1422 gens
352 1355 507 1415 consistunt,
517 1355 616 1402 eminus
631 1353 790 1402 lacessentes.
801 1353 863 1402 Pdst
877 1354 924 1402 ubi
936 1355 1025 1420 plera-

107 1441 157 1491 que
173 1430 281 1480 telorum
296 1431 408 1480 turribus
419 1429 554 1494 pinnisque
569 1429 690 1476 moenium
700 1427 771 1476 irrita
780 1425 922 1487 herebant,
939 1439 967 1475 et
979 1428 1027 1475 de-

107 1518 185 1567 super
195 1504 482 1566 satiarulnersbantur3
495 1501 605 1550 clamore
619 1511 693 1566 atque
711 1501 820 1566 impetu,
834 1499 954 1550 invasere
969 1503 1025 1550 ral-

106 1573 177 1638 lum,
191 1577 312 1643 oppositis
321 1578 436 1643 plerique
445 1577 517 1626 scalis
527 1611 534 1634 ,
547 1575 590 1623 alii
600 1591 643 1639 per
652 1572 805 1624 testudinem
814 1591 918 1624 suorum
929 1594 936 1623 :
950 1591 1026 1624 scen-

87 1708 91 1714 ·
107 1646 249 1715 debentque
259 1653 309 1713 jam
320 1649 440 1716 quidem,
450 1663 530 1712 quum
543 1647 635 1712 gladiis
651 1660 677 1697 et
693 1665 820 1698 armorum
838 1651 944 1698 incussu
955 1665 1021 1716 prae-

104 1723 221 1789 cipiunt,
232 1725 338 1774 sudibus
349 1737 374 1772 et
385 1725 441 1789 pilis
456 1724 612 1780 obruuntur,
626 1723 771 1788 praeferoces
791 1725 877 1780 initio,
896 1735 923 1772 et
944 1725 1022 1772 rebus

106 1797 222 1846 secundis
233 1801 317 1847 nimii.
330 1795 380 1846 Sed
392 1788 538 1860 tumpraedae
551 1795 681 1860 cupidine,
693 1794 800 1844 adversa
809 1813 909 1862 quoque
919 1798 1020 1846 tolera-

97 1867 175 1919 bant.
190 1872 321 1920 Machinas
333 1871 426 1926 etiam,
439 1870 569 1918 insolitum
588 1869 651 1926 sibi,
675 1869 747 1919 arisi:
762 1886 806 1920 nec
820 1871 872 1918 ulla
892 1871 957 1934 ipsis
978 1887 1019 1918 so·

102 1941 176 1991 lertia
186 1963 192 1991 :
204 1945 311 2009 perlugar
324 1937 466 2008 captiiique
486 1940 610 1991 docebant
619 1953 716 1992 struere
728 1945 858 2006 materias,
870 1945 897 1993 in
906 1945 1019 1994 modurn

103 2017 204 2080 pontia,
215 2033 275 2066 mox
285 2019 403 2080 subiectis
416 2019 478 2065 rotis
489 2017 648 2082 propellere:
662 2031 689 2066 ut
700 2019 743 2067 alii
755 2030 942 2085 superstantes,
958 2033 1017 2068 tan-

103 2101 179 2151 quam
189 2105 218 2137 ex
227 2105 330 2156 aggere,
339 2090 514 2158 praeliarentur
524 2106 530 2135 ε
541 2091 599 2162 pars
610 2091 692 2150 intus,
702 2091 794 2140 occulti
804 2107 893 2140 muros
903 2093 1017 2144 subrue-

14 2215 19 2224 ·
103 2173 168 2209 rent.
180 2161 229 2210 Sed
247 2179 350 2213 excussa
363 2162 458 2211 balistis
468 2179 528 2211 saxa
543 2165 652 2212 stravere
663 2161 769 2213 informe
781 2181 844 2231 opus
860 2183 866 2212 :
886 2176 915 2213 et
933 2177 1017 2218 crates

101 2235 236 2300 vineasque
254 2237 416 2301 parantibus,
437 2236 530 2284 adactas
541 2237 673 2287 tormentis
684 2237 799 2287 ardentes
811 2236 888 2288 bastae
900 2254 910 2287 :
928 2241 1015 2288 ultro-

103 2324 153 2371 que
163 2311 211 2375 ipsi
222 2323 408 2376 oppugnatores
416 2311 518 2376 ignibus
528 2312 680 2378 petebantur
693 2331 698 2361 :
714 2311 809 2374 donec,
823 2312 960 2378 desperati
973 2314 1014 2372 ri,

101 2391 230 2432 verterent
240 2385 376 2434 consiliunt
386 2383 418 2432 ad
429 2401 530 2443 moras,
545 2385 612 2436 baud
624 2389 846 2453 ignaripaucor'um
859 2387 964 2434 dierunt
978 2387 1014 2434 in·

99 2470 155 2503 esse
168 2455 301 2515 alimenta,
316 2469 342 2506 et
354 2459 464 2506 multum
478 2458 589 2508 imbellis
601 2462 689 2510 turbu.
701 2461 782 2510 Simul
795 2475 827 2509 ex
844 2461 934 2524 inopid
950 2477 1014 2527 pro·

101 2528 177 2591 ditio,
187 2532 284 2580 etssuxa
294 2533 457 2582 servitiorum
466 2531 543 2588 fides.
556 2551 584 2582 ac
594 2534 698 2584 fortuita
708 2535 769 2584 belli
780 2536 957 2600 sperabantur.
1035 2535 1036 2573 i

131 2602 230 2655 XXIV.
245 2605 350 2654 Flaccus
370 2607 485 2666 interim,
502 2611 605 2672 cognito
616 2619 755 2656 castrorum
771 2608 885 2668 obsidio,
902 2621 931 2658 et
946 2611 1011 2660 nais·
1034 2649 1035 2679 ,

100 2678 134 2726 sis
143 2693 189 2742 per
202 2679 310 2737 Gallias,
327 2681 370 2744 qui
384 2680 477 2728 auxilia
494 2683 639 2739 concirent,
652 2682 731 2731 lectos
746 2681 760 2730 lt
775 2683 918 2749 legionibus
928 2673 1008 2733 Dillio

99 2751 203 2801 Voculae
214 2787 221 2810 ‚
232 2751 440 2804 duodevicesima!
449 2755 556 2820 legionis
565 2757 658 2822 legato,
667 2755 756 2810 tradit.
766 2767 794 2804 ut
803 2756 878 2820 qu'arn
888 2761 1013 2809 maximis'

98 2840 144 2891 per
156 2825 237 2889 ripam
255 2825 387 2876 itineribus
398 2831 528 2881 celeraret.
545 2829 602 2895 lpse
614 2830 735 2898 pavidus,
749 2829 874 2879 invalidus
884 2847 1006 2898 corpure,
1032 2859 1033 2889 1

97 2897 194 2945 inrisus
206 2897 330 2946 militibus
343 2914 446 2962 :neque
461 2903 530 2950 enirn
546 2899 662 2966 ambigui
679 2902 834 2966 fremebant,
849 2919 864 2950 α
876 2903 1004 2955 emissasd

97 2968 260 3034 Magontiaco
273 2970 424 3018 batavorum
439 2974 571 3036 cobortes,
586 2975 757 3026 dissimulatos
773 2976 861 3024 Civilis
879 2989 1001 3039 conatus,

98 3041 191 3090 adsciri
202 3044 228 3090 in
239 3043 388 3091 societatem
398 3046 540 3096 Germanos
552 3067 557 3097 ε
572 3067 622 3099 non
632 3049 713 3100 Primi
721 3051 841 3113 Antonii,
854 3067 934 3116 neque
944 3054 1003 3103 Mu·

96 3116 163 3164 ciani
174 3133 222 3183 ope
234 3117 418 3182 Vespasianum
432 3124 513 3186 magis
531 3122 688 3174 adolevisse:
703 3137 789 3191 aperta
808 3125 866 3174 odia
881 3144 1000 3194 armaque

84 3192 180 3256 ,palam
190 3192 283 3256 depelli
294 3209 300 3238 :
312 3190 427 3242 lraudem
434 3209 461 3244 et
467 3197 555 3247 dolum
565 3201 681 3265 obscura,
691 3199 770 3265 edque
781 3201 945 3255 inevitabilia.
958 3207 999 3255 Ci-

95 3263 174 3310 vilem
185 3273 250 3311 stare
258 3264 360 3322 contri,
369 3275 465 3318 struere
476 3272 556 3319 aciem
566 3272 756 3322 :Hordeonium
765 3273 778 3322 ὲ
788 3275 907 3324 cubiculo
916 3289 941 3326 et
951 3279 999 3328 leo·

95 3336 151 3387 tulo
159 3334 262 3400 jubere,
272 3337 395 3408 quidquid
404 3342 470 3396 boeti
480 3345 614 3398 conducat.
629 3347 680 3399 Tot
688 3361 797 3400 armatas
805 3348 1000 3406 fortissimorum
1025 3349 1028 3411 i

1026 3465 1027 3517 i
