2100 3709
87 74 140 130 ert
394 85 419 125 c.
444 84 542 125 const.
566 83 681 125 rsctrt

88 173 164 238 cipue
179 165 319 219 concordias
328 164 391 217 lides
403 168 494 226 Titus,
508 184 584 235 prsvs
596 170 733 217 certsmins
742 171 873 221 communi
886 154 1018 223 utilitste

89 246 253 296 sbolet'erat
247 261 253 272 ·
263 242 352 291 natnrd
365 255 440 309 atque
450 256 503 292 arte
515 246 671 311 compositus
683 244 829 296 adliciendis
845 250 934 297 etiarn
944 250 1014 298 Mu-

91 320 159 368 uinni
172 317 295 369 moribus.
311 317 419 377 Tribuni
433 320 658 383 centurionesque,
673 332 698 367 et
712 320 801 385 tulgus
813 323 950 378 nubtum
967 323 1014 370 in·

90 390 188 440 dustsil
190 388 319 459 ,ticentiq
330 404 375 455 per
384 391 489 440 tntntcs
491 407 552 457 ,per
562 392 714 458 voluptates,
724 396 848 459 utcmque
857 410 1014 460 ingenium

91 462 302 515 admittebantur.

121 537 171 586 Vl.
182 535 324 600 Antequam
334 535 408 584 Titus
420 534 583 599 adventaret,
600 546 785 588 recrementum
797 536 916 589 Othonis
930 554 1012 588 acce-

90 621 164 677 perat
172 608 418 675 utetqneeseroitns,
430 572 610 675 precipitiblrs,
619 624 648 660 ut
656 611 763 675 adsolet,
774 614 883 678 nuntiis,
893 611 1014 661 ettardi

92 684 161 734 mole
170 684 251 731 civilis
258 682 330 744 belli,
342 680 410 745 quod
417 682 492 750 longi
501 684 638 733 concordii
649 686 749 749 quietus
759 684 848 734 Oriens
858 721 864 741 ,
877 696 946 733 tnnc
954 688 1015 750 pri-

91 754 165 807 mirtn
176 756 289 822 psrsbst.
301 754 418 818 Namque
427 755 491 804 olim
500 756 654 805 validissima
666 758 731 806 iuter
740 772 765 805 se
776 758 870 816 civium
882 775 957 807 erma
966 795 973 817 ,
983 759 1013 807 in

90 829 182 891 Italil,
193 827 324 887 Gallilte,
335 828 431 877 viribus
440 830 587 879 Occidentis
597 842 688 897 coepta.
702 832 734 881 Et
743 831 866 897 Pompeio
875 866 884 895 ‚
897 832 993 880 Cassio
1003 868 1013 892 ,

91 898 181 961 Bruto,
189 903 312 961 Antonio,
321 918 385 966 quos
393 918 482 952 omnes
492 914 559 953 trans
567 920 634 953 mere
642 914 757 951 secutum
766 905 887 953 estcirile
896 904 1014 969 bellurn,

92 974 160 1025 baud
171 973 285 1041 prosperi
293 975 375 1023 esitus
382 973 491 1023 inerant.
501 974 639 1039 Auditiqne
649 973 738 1039 saepiirs
749 975 773 1022 in
785 974 856 1041 Syria
866 976 1012 1040 Jndaedque

94 1046 217 1112 Caesares,
227 1045 303 1111 quirin
315 1046 433 1112 inspecti.
445 1046 521 1097 Nulla
535 1046 627 1097 seditio
639 1047 766 1112 legionum
778 1063 786 1096 τ
797 1048 899 1097 ιιιιιὺιιι
911 1048 1011 1097 adoer-

95 1136 139 1169 sns
151 1118 257 1169 Parthos
266 1121 340 1169 ruinae
348 1156 356 1178 ,
364 1124 435 1169 vario
443 1132 545 1170 eventu.
556 1122 588 1169 Et
597 1120 714 1187 proximo
724 1122 792 1169 civili
801 1122 868 1169 bello
876 1157 883 1179 ,
895 1122 1011 1189 turbatis

92 1194 152 1243 'aliis
162 1196 310 1244 inconcussa
319 1196 352 1243 ibi
361 1212 423 1261 par3
435 1195 494 1243 dein
502 1194 565 1245 fides
574 1212 633 1261 eigs
642 1196 760 1247 Gdbam.
771 1195 847 1260 Mox,
859 1207 891 1245 ut
898 1212 915 1245 ιι
924 1196 1009 1245 otho·

93 1285 153 1319 nem
165 1286 193 1319 ac
204 1270 340 1323 Vitellium
350 1272 463 1319 scelestis
471 1272 546 1321 urinis
556 1288 595 1321 res
607 1270 732 1323 Romanus
745 1280 845 1337 ruptum
857 1272 936 1335 iren,
949 1272 1009 1319 vul-

95 1353 182 1408 gatum
193 1356 243 1409 est,
256 1361 288 1413 ng
299 1360 377 1410 penes
391 1357 487 1393 ceteros
498 1341 599 1410 inperii
609 1348 725 1409 praemia,
737 1360 815 1409 penes
822 1345 892 1407 ipsos
904 1342 1012 1393 taurinis

95 1417 193 1466 servitii
202 1420 339 1467 necessitas
351 1428 431 1482 esset,
443 1418 555 1468 fremere
563 1416 649 1479 miles,
666 1431 691 1467 et
704 1420 768 1465 vires
779 1432 835 1465 suas
849 1418 1009 1483 circumspi-
1046 1412 1047 1421 ’

94 1505 162 1539 cere.
177 1489 280 1557 Septem
294 1490 406 1555 legiones
423 1492 523 1550 stetim,
538 1500 564 1537 et
580 1506 638 1537 curn
653 1490 796 1553 ingentibus
814 1486 919 1537 auxiliis
932 1490 1007 1555 Syris
1046 1498 1047 1525 l

94 1562 232 1629 lndaeaqne
242 1580 248 1613 ε
260 1563 320 1612 inde
333 1565 452 1612 continua
463 1564 597 1627 AEgyptns,
610 1561 711 1626 duceque
722 1562 835 1627 legiones
845 1580 852 1627 3
864 1561 927 1611 bino
937 1564 1009 1627 Cap·

96 1637 203 1703 pedocis
211 1636 367 1701 Pontusque,
378 1648 404 1683 et
414 1636 537 1699 quidquid
544 1646 684 1683 cnstrornru
691 1636 1010 1701 Armeniisprtetcnditur·

95 1709 469 1774 ters‚ercsreraep10vinciae,
480 1723 529 1755 neo
541 1707 652 1756 virorum
663 1709 764 1769 inopes,
777 1719 802 1757 ct
812 1710 928 1773 pecuniae
939 1727 1010 1776 opu·

94 1782 194 1831 lentae:
213 1793 336 1846 quantum
354 1780 495 1828 insularum
509 1780 572 1829 muri
588 1778 711 1842 cingitur,
729 1789 755 1827 et
768 1780 883 1846 parendo
899 1782 1010 1832 interim

96 1855 165 1906 bello
176 1852 315 1904 secundum
325 1862 458 1915 tutumque
469 1852 575 1925 ipsisne
564 1866 642 1899 mure.

39 1982 42 1989 Ι
129 1926 188 1975 Vll.
196 1926 257 1974 Non
269 1922 372 1972 fallebat
385 1920 480 1971 duces
474 1934 584 1995 ruspetus
594 1923 715 1973 militum.
728 1923 777 1973 Sed
785 1925 940 1977 bellantibus
949 1928 1012 1979 aliis

95 1998 191 2064 placuit
201 1998 341 2061 exspectari
354 1996 416 2044 belli
429 2006 570 2045 eventum:
584 2014 598 2043 ιι
608 1996 718 2046 victores
730 1999 858 2063 victosque
871 2018 1009 2079 nunqnam
1046 2028 1047 2057 1

96 2069 178 2123 solidi
185 2069 233 2119 lide
242 2070 396 2120 caelescere:
405 2086 452 2119 nec
458 2070 553 2130 referre
561 2104 568 2131 ,
577 2070 712 2119 Vitellium
722 2089 755 2123 an
763 2072 892 2123 Othonem
901 2092 1009 2141 snpere-

96 2145 170 2193 titem
184 2145 284 2194 sortnua
295 2142 397 2194 feceret.
405 2145 492 2194 Rebus
502 2141 619 2195 secundis
630 2148 705 2195 etism
716 2148 829 2212 egregios
842 2147 918 2198 duces
932 2150 1007 2199 inso-

95 2217 192 2268 lescere
204 2235 211 2267 z
222 2217 377 2268 discordiam
391 2217 444 2275 bis,
462 2221 602 2284 ignavium,
622 2220 765 2269 luxuriem:
778 2232 802 2268 et
814 2222 919 2273 suismet
935 2222 1010 2271 vitiis

100 2291 207 2340 alterum
222 2291 306 2352 bello,
318 2292 426 2339 alterum
438 2291 546 2340 victorid
558 2292 736 2359 periturnmn.
749 2290 829 2357 Igitur
840 2308 908 2342 arma
921 2294 949 2343 in
963 2310 1012 2343 oc·

98 2364 227 2413 sasionem
237 2363 355 2416 ‹listuldrc
362 2363 550 2430 ,Vespasianus
559 2364 741 2432 Mucianusque
752 2381 845 2432 nuper,
855 2370 931 2417 ceteri
942 2369 1010 2417 olim

98 2436 306 2488 mixtisconsiliis
312 2438 559 2505 ,optimusquisque
571 2456 655 2489 aurore
667 2440 826 2506 reipublice.
840 2442 934 2489 multos
948 2438 1010 2488 dnl-

88 2509 161 2559 ,cedo
177 2512 319 2578 praedurum
334 2512 576 2579 stinsrrlabst321ios
594 2514 715 2578 ambiguae
733 2512 804 2562 domi
823 2530 871 2563 r·.es
886 2512 924 2562 Its
941 2505 1008 2563 boni

98 2584 208 2649 malique
223 2588 307 2635 osusis
321 2585 444 2645 diversis,
458 2587 543 2637 studio
558 2588 630 2653 pari,
645 2588 743 2636 belluna
758 2603 845 2635 ornnes
859 2588 1006 2655 cupiebant.

135 2657 207 2708 Vlll.
213 2659 265 2705 Sub
275 2657 343 2707 idem
353 2670 454 2724 tempus
464 2658 558 2707 Acbaiu
568 2670 643 2723 utque
650 2658 710 2708 Asis
720 2658 782 2707 fulsi)
790 2660 927 2718 exterritae,
936 2662 1009 2711 velut

99 2726 171 2779 Nero
179 2727 328 2781 adventaret
339 2748 346 2779 ι
358 2734 428 2779 vsrio
442 2748 516 2797 super
530 2730 664 2794 eritu‘eius
672 2748 787 2789 rumore,
798 2730 879 2795 edque
892 2734 1009 2797 pluribus

99 2802 190 2851 ttinere
204 2818 262 2850 eum
274 2802 439 2868 lingentibus,
450 2802 676 2869 credentibusque»
685 2805 835 2853 Ceterorum
846 2819 917 2853 ossus
929 2822 1009 2858 cona-

104 2885 195 2939 tusque
207 2877 232 2923 in
244 2889 364 2928 contextu
374 2879 460 2945 operis
468 2876 581 2927 dicemus
593 2895 598 2926 :
610 2890 670 2927 tunc
679 2894 766 2928 servus
774 2878 788 2925 ὲ
797 2880 880 2927 Ponto
888 2914 894 2936 ,
903 2881 971 2943 sire,
982 2893 1009 2930 ut

104 2950 147 3000 slii
156 2947 296 3007 tradidere,
305 2952 439 3000 libertinus
448 2968 479 2999 ex
487 2951 561 3000 ltslil
569 2986 576 3010 ,
585 2950 687 3001 either-n
694 2964 720 3001 et
728 2952 816 3001 enutris
824 2953 924 3018 peritus
931 2954 1008 3021 (unde

101 3022 142 3071 illi
151 3038 244 3089 ,snper
257 3024 448 3074 similitudinem
459 3024 527 3082 oris,
542 3026 646 3089 propior
661 3024 694 3073 sd
707 3024 844 3073 fallendum
856 3024 952 3111 &istm
957 3026 1010 3077 ad-

105 3094 201 3160 junctis
211 3095 383 3148 desertoribus
389 3113 470 3161 ,quos
479 3096 566 3183 isopid
574 3108 649 3164 segor
658 3099 801 3163 ingentibus
810 3099 943 3163 promissis
954 3117 1010 3149 cor·
1046 3144 1047 3149 ,

106 3181 217 3235 eruperat,
227 3188 295 3221 mare
303 3170 460 3234 regreditur
471 3188 501 3219 ac
511 3173 535 3219 vi
544 3174 756 3238 tempestutnmiu
762 3170 1006 3241 (lytbrsnrnin'suleur

108 3238 238 3301 detrusus,
248 3254 274 3289 et
283 3240 394 3289 militurn
402 3240 529 3305 quosdam
533 3260 563 3292 ex
573 3246 684 3294 Oriente
686 3247 882 3295 commeantium
891 3246 1010 3312 adscivit,

107 3313 147 3364 rel
158 3314 298 3365 abnuentes
307 3312 432 3365 interlici'
425 3313 513 3381 Jus'sit,
528 3317 673 3386 esspoliatis
683 3318 897 3386 negotietorilius
891 3354 900 3381 ‚
911 3318 1010 3391 neter-
