2100 3709
297 62 475 105 annotinas
498 66 567 104 urs.
591 69 646 105 atr.
897 58 933 130 7³

35 138 80 189 aiii'
89 153 189 206 quoquo
200 133 278 187 modo
289 135 434 204 auditapro
442 140 581 207 compertis
589 138 686 190 habent
693 176 702 204 ,
710 140 754 193 alii
763 157 820 194 vcra
832 144 857 194 in
868 161 932 196 con-

36 217 132 264 uarium
140 224 260 264 vertunt:
274 210 531 279 ctglisoitutrumquc
544 214 932 282 postcommuniones

34 304 137 353 egressus
152 286 298 355 repetendis
317 286 454 353 auspiciis,
473 304 535 339 mox
552 305 631 339 orans
649 291 751 341 introiit
767 306 929 359 :paucosque

34 373 84 426 post
94 361 145 414 dies
155 360 279 427 Vispania
290 354 371 409 mater
384 359 437 424 ejus
447 362 556 411 excessit
567 399 574 422 ,
584 356 634 411 uisa
647 364 764 413 omniunt
775 362 891 433 Agrippa
900 369 930 419 tt-

31 435 142 484 berorum
152 435 211 485 miri
223 430 293 483 obitu
305 450 379 484 :nam
389 446 487 485 ceteros
498 434 660 487 manifestum
669 435 748 498 ferro,
759 439 800 497 vei
808 437 933 491 creditum

32 520 190 573 rotronem,
202 518 245 557 aut
256 505 323 557 famc
334 509 482 559 exstinctos.
741 538 745 550 ·

57 578 115 631 XX.
135 580 235 633 Eodem
253 598 319 631 auno
334 580 495 643 Tacfarinas,
511 597 588 647 quern
601 583 687 651 priore
703 594 788 635 astate
802 583 931 652 pulsum&

30 656 127 705 omitto
140 657 295 720 memorari,
305 652 403 707 bellum
413 656 438 705 in
448 654 533 708 Attica
543 668 649 707 renovat
658 694 666 718 ,
681 659 750 724 ragis
761 656 874 725 primum
884 676 932 726 po.

30 729 210 794 pulationibus‚
225 742 251 779 ot
264 730 296 779 ob
308 731 482 799 pernicitatem
497 728 584 779 inultis
594 748 601 778 :
612 729 671 780 dein
685 732 754 780 rinos
768 731 930 801 exscindere5

28 802 116 852 trabere
125 819 215 869 graves
223 800 317 871 praedas
328 822 333 851 ε
348 802 478 871 postremo
489 798 560 851 baud
569 802 658 869 procul
669 802 762 869 Pogtdt
774 804 881 854 flumine
889 823 933 856 co·

29 873 119 927 hortem
130 868 270 927 Romanam
281 876 454 927 circumsedit.
467 875 690 926 riaenroanetto
703 876 809 927 Decrius
819 879 927 947 impiger

30 966 110 1009 nanu,
123 952 248 1001 exercitus
260 950 351 1001 militiai
360 986 367 1010 ‚
377 962 402 1000 et
412 951 481 1000 iliam
491 948 651 999 obsidionem
661 950 751 1017 flagitii
762 965 839 1001 ratus.
853 952 877 1001 fs
887 972 929 1004 co·

31 1022 136 1075 hortatus
145 1026 252 1087 milites,
264 1044 279 1076 n
290 1038 318 1075 nt
326 1028 426 1092 copiam
439 1042 529 1093 pugnae
540 1026 569 1073 in
581 1038 669 1091 aperto
682 1027 817 1075 facerent»
828 1064 834 1082 ‚
845 1030 927 1080 aciem

29 1114 67 1162 pro
80 1100 170 1148 castris
186 1101 306 1165 instruit;
317 1101 451 1165 primoque
466 1100 563 1164 impetu
573 1099 649 1164 pulsai*
657 1098 779 1163 cohorte,
793 1114 927 1169 promptus

30 1173 86 1222 inter
101 1173 152 1221 teia
166 1184 281 1223 ocmrsat
293 1172 463 1239 fugientibus,
483 1174 596 1239 increpat
613 1172 761 1238 signiferos,
780 1172 868 1239 ‹tqubd
885 1178 930 1230 in·,

30 1245 128 1296 conditis
140 1258 184 1295 aut
192 1246 367 1298 desertoribus
379 1247 451 1295 miles
458 1248 588 1294 Romanus
597 1258 666 1309 terga
675 1244 765 1294 dareta
775 1263 781 1295 τ
791 1247 866 1295 simul
877 1266 927 1297 cx·

28 1332 89 1384 cepta
100 1321 201 1369 vulnera
213 1358 220 1380 ,
234 1333 277 1384 et,
293 1336 436 1385 quanquam
451 1317 589 1366 transfosso
606 1318 697 1375 oculo,
709 1317 841 1367 adversum
858 1337 888 1370 os
902 1324 929 1372 in

27 1390 117 1443 hostem
133 1392 264 1456 intendit3
283 1408 364 1457 neque
383 1391 499 1458 pitatium
522 1390 626 1446 omisit,
646 1388 726 1437 donec
743 1384 858 1439 desertus
873 1397 925 1443 suis
958 1451 964 1461 x

27 1465 123 1517 caderet.

51 1542 121 1594 XXI,
136 1544 199 1608 Quae
216 1548 354 1608 postquam
365 1538 393 1586 L.
406 1534 524 1600 Apronio
535 1533 610 1599 (narn
630 1534 738 1583 Camillo
757 1545 928 1614 successerat)

25 1628 160 1683 comperta,
174 1614 254 1681 magia
269 1611 390 1661 dedecore
408 1624 527 1666 auorum,
540 1606 615 1670 quim
631 1607 712 1673 giorid
730 1609 811 1658 bostra
822 1614 924 1674 anxius,
947 1651 950 1656 >

24 1692 103 1739 raroed
111 1699 272 1755 tempestate,
281 1698 308 1735 ct
315 1684 328 1732 ὲ
336 1696 418 1733 vetere
428 1680 552 1729 memorii
564 1678 682 1737 facinore,
689 1681 825 1733 decumum
833 1702 921 1749 quem·

22 1779 61 1826 quc
72 1763 244 1828 ignominiose
255 1758 369 1809 cohortis
386 1770 453 1805 sorte
467 1754 574 1813 ductos,
592 1753 654 1806 fusti
667 1770 749 1805 necat.
760 1756 923 1825 Tantumque

22 1836 143 1885 severitate
152 1832 294 1901 profectum
303 1868 309 1890 ,
318 1830 477 1881 nr‘vexittum
487 1835 663 1877 veteranorum
672 1846 722 1878 non
732 1829 843 1896 ampfids
850 1836 924 1897 quin·

20 1911 80 1971 genti
91 1924 212 1978 numero,
224 1906 325 1956 casdem
335 1904 501 1955 Tacfarinatis
509 1904 594 1969 copias
604 1940 610 1960 ‚
620 1904 764 1971 praesidium
776 1908 832 1964 ‚cui
839 1906 922 1960 Tbafa

23 1997 103 2031 nomen
111 2021 120 2044 ‚
136 1981 280 2061 adgressaq,
292 1978 405 2031 fuderint
418 1996 424 2025 :
437 1974 487 2041 quo
506 1976 591 2050 psalio
601 1974 682 2026 Rufus
695 1977 816 2042 Helvius,
829 1995 920 2047 grega-

21 2054 64 2105 rius
73 2057 158 2111 miles,
172 2054 263 2105 servari
275 2054 337 2103 civis
352 2052 428 2099 decus
443 2048 548 2114 retuli15
564 2049 723 2115 donatusque
736 2063 776 2104 est
787 2052 819 2101 ab
831 2054 922 2121 Apro-

22 2127 57 2173 rio
67 2127 199 2192 torquibus
209 2138 236 2195 et
247 2124 318 2177 horst
330 2144 336 2174 :
351 2121 433 2173 Cacsar
445 2121 543 2171 addidit
552 2119 660 2171 civicam
671 2139 793 2173 somnam
804 2163 811 2184 ‚
824 2141 841 2174 a
850 2128 920 2191 quod

18 2214 63 2263 ¹uon
76 2217 132 2249 eam
146 2217 247 2265 qunque
263 2198 393 2267 Apronius
403 2200 457 2261 jure
465 2195 625 2261 proconsulis
638 2196 801 2255 tribuisset»,
815 2212 921 2265 questus
1021 2221 1024 2240 ¹

18 2276 104 2345 'magis,
119 2274 194 2339 qubm
206 2275 324 2325 offensus.
334 2273 384 2322 Sed
392 2271 537 2319 Tacfarinas
547 2270 684 2335 ‚percuisis
694 2272 825 2335 Numidis,
837 2286 863 2321 et
872 2274 919 2323 ob-

21 2346 75 2395 sidia
87 2348 277 2414 aspernantibus
287 2385 296 2409 ‚
310 2350 406 2413 spargit
418 2344 513 2393 bcflutn
524 2360 533 2406 ς
545 2342 590 2390 ubi
601 2344 753 2401 instaretur,
768 2345 877 2403 cedens,
889 2364 919 2397 ae

19 2419 108 2470 rursdm
127 2422 153 2470 in
166 2433 235 2487 terga
247 2414 361 2471 remeans
375 2437 382 2466 x
394 2430 419 2467 ct
429 2416 489 2463 dum
501 2430 530 2459 ca
540 2412 604 2459 ratio
614 2414 801 2472 barbaro'fnit,
816 2416 918 2467 irritum

19 2492 153 2560 fessumque
162 2498 303 2546 Romanum
314 2492 417 2562 impuno
426 2486 603 2537 ludificabatur
612 2502 617 2532 :
628 2486 763 2552 postqndm
772 2486 875 2539 deflexit
884 2491 917 2541 ad

19 2571 150 2618 maritimos
168 2570 253 2629 locos,
278 2570 387 2635 illigatus
404 2560 503 2633 praedii,
524 2560 623 2609 stativis
644 2565 734 2609 castris
752 2561 914 2617 adhaerebat:

19 2640 84 2690 missu
96 2644 176 2709 patria
188 2646 315 2709 Apronius
325 2643 465 2701 Caesianus,
479 2651 538 2701 cum
552 2635 672 2701 equiteet
681 2636 914 2703 cohortibusauxi·

18 2710 84 2763 fiariis
92 2754 100 2779 ‚
109 2716 166 2783 quis
176 2719 352 2768 velocissimos
360 2716 489 2783 legionum
502 2708 647 2778 addiderat,
659 2729 805 2780 prosperam
817 2714 914 2768 adver.

18 2800 66 2859 pum
76 2790 200 2841 Numidas
210 2808 321 2858 pugnam
332 2790 402 2854 facit,
412 2785 569 2855 pruisquam
584 2779 692 2837 deserta.

18 2862 19 2871 ’
40 2862 119 2913 xxn.
139 2858 175 2915 At
190 2866 277 2915 Roma
296 2864 407 2933 Lepida,
424 2864 479 2922 oui,
499 2876 574 2927 super
589 2862 749 2912 AEmiiiorum
770 2862 862 2924 dcent,
877 2864 910 2917 L.

18 2930 70 2983 Sulla
80 2953 109 2985 ac
125 2938 174 2987 Cn.
188 2936 324 3005 Pompeius
335 2938 422 3005 proavi
434 2946 519 2990 erant,
530 2931 644 2986 defertur
655 2935 834 2987 nsimulavis'sc
846 2954 911 3003 par-

18 3016 56 3055 tum
65 3024 94 3059 ex
105 3011 136 3061 1³.
151 3011 275 3077 Quirino,
284 3010 365 3061 divite
376 3024 453 3077 atquc
468 3005 531 3055 orbo
542 3023 548 3052 :
559 3004 742 3069 adjiciebantur
752 3008 908 3076 «adulteria,

18 3092 113 3150 tenera5
124 3084 309 3151 quesitumque
319 3082 536 3153 perciraldaosin
547 3077 651 3129 domum
662 3082 786 3131 (lacarias
797 3101 805 3149 3
818 3083 909 3134 defeu-

18 3148 74 3203 feote
87 3172 155 3207 ream
170 3157 258 3206 Manio
270 3154 477 3225 Lep1d0,fratre.
493 3155 629 3219 Quirinus,
644 3167 702 3222 post
717 3152 814 3204 dictum
826 3170 907 3218 repu-

18 3220 70 3276 iium
82 3230 166 3280 adbuc
180 3229 309 3289 infensus.
325 3235 439 3297 quamvis
456 3227 544 3279 infami
558 3245 587 3278 ac
599 3230 700 3278 nocenti
716 3229 904 3277 miserationem

18 3298 136 3355 tddsderat.
149 3303 228 3357 Hand
240 3302 312 3355 focile
325 3305 380 3373 quis
390 3303 529 3375 dispexerit
538 3300 581 3351 itta
596 3304 622 3353 in
634 3301 780 3419 cognitioqp
789 3305 902 3348 mentun
