2100 3709
360 68 539 110 snusnrnsr
558 71 621 113 urs.
643 70 694 110 ιν.
933 59 983 117 255

76 158 147 200 teret
157 145 252 200 invidis
261 148 431 215 crudelitatis,
445 152 555 204 inhiberi
565 166 677 204 mortem
686 154 801 221 imperet.
814 153 982 212 Hortsntibue

73 219 201 270 militibus
209 257 217 279 ,
226 225 292 272 servi
300 225 434 290 libertique
444 227 559 291 obligant
567 227 678 284 brechia,
687 241 809 293 premunt
817 234 965 297 sanguinem
977 269 984 293 ‚

73 292 203 344 incertum
212 312 243 345 sn
254 297 344 365 ignaras
355 317 360 346 :
371 315 444 360 nem,
457 312 486 348 ut
494 311 533 348 est
542 299 631 364 vulqus
642 299 673 347 ad
683 298 807 348 deteriore
820 316 981 368 promptum,

73 381 129 416 uon
141 366 244 418 deluere
251 371 314 436 ,qui
328 373 476 430 crederent,
493 372 598 422 udonec
609 373 795 439 implacabilem
806 377 935 424 Neronem
945 378 983 425 ti-

73 442 187 496 muerit,
203 441 294 492 sumum
312 446 410 494 sociate
430 461 488 494 cum
507 448 600 494 marito
616 447 707 495 mortis
722 450 843 512 petivisse
854 466 860 495 z
873 448 984 514 deinde,

71 512 160 562 obtati
174 517 273 566 mitiore
281 533 337 583 epe,
348 518 532 568 blandimentis
546 521 744 568 viteedetumu
753 521 807 570 :cui
816 521 984 587 eddidispnu·

71 600 117 634 cos
139 587 226 652 poste'r
244 607 341 650 unitor,
358 590 480 640 lsudsbiii
502 593 529 639 iu
548 592 670 641 meritum
694 592 837 655 memorii,
852 605 879 642 et
894 609 937 642 ore
954 608 983 641 ac

73 661 199 708 membris
211 664 236 710 in
249 677 308 711 enm
318 665 443 730 pallorem
453 664 612 723 albentibus,
621 676 649 713 ut
658 664 771 713 ostentui
780 677 861 720 estet.
872 667 983 716 multum

72 733 161 783 vitulis
171 735 274 801 spiritds
285 751 409 806 egestum.
421 729 515 789 Senem
527 741 638 795 interim,
657 740 764 789 durente
776 753 857 789 rrectu
864 777 872 801 ,
884 754 909 791 et
923 743 983 790 len-

72 808 185 860 titudine
194 813 298 870 mortis,
310 815 420 864 Statium
430 815 570 874 Annaeum,
581 815 626 863 diu
635 816 684 864 sibi
695 815 811 863 amicitie
819 814 883 875 lide,
891 827 916 865 et
929 827 983 865 erte

74 881 209 935 medicinas
221 886 357 950 prnbutum
365 923 375 944 ,-
387 899 455 946 oret,
467 905 482 937 u
493 893 626 955 provisum
637 887 737 955 pridem
751 904 877 939 venenum
889 908 904 937 n
915 927 922 943 .
932 906 984 953 qno

73 954 188 1006 damuati
194 958 833 1027 publicuAtbenieusiumjudicioexstinquerentur‚
842 974 984 1030 promeret:

73 1027 238 1094 adlatumque
252 1030 336 1082 hausit
348 1032 456 1098 lnrrtri,
472 1035 577 1100 lriqidns
590 1036 639 1098 iam
651 1047 736 1095 artus,
749 1048 776 1084 et
790 1036 861 1085 cluso
875 1051 984 1106 corpore

72 1103 209 1154 adversum
224 1107 277 1155 vim
291 1109 391 1156 veneni.
408 1109 542 1160 Postremi>
554 1123 671 1174 stagnum
686 1109 775 1158 calidre
785 1127 853 1174 squae
868 1112 986 1165 introiit.

71 1193 220 1246 respergens
229 1182 359 1246 proximor
368 1175 513 1239 servorum:
522 1182 608 1232 additi
617 1200 692 1243 voce,
703 1182 813 1232 «Libere
820 1201 846 1232 se
854 1186 982 1250 liquorem

71 1252 148 1301 illum
159 1253 434 1304 Jnvt‘urunrsstrnrtru.
445 1257 511 1305 Exin
523 1257 614 1304 bulneo
625 1258 720 1318 illatus,
729 1267 755 1304 et
762 1274 854 1322 vspore
863 1261 916 1323 ejus
924 1275 983 1308 exs-

70 1326 194 1384 nimatus,
202 1327 256 1375 sine
263 1329 318 1376 ulio'
324 1329 418 1378 iuuerit
424 1331 675 1378 solemniorematur.
684 1332 720 1378 lta
725 1330 849 1380 codicillis
854 1321 984 1398 praeberipi

71 1411 157 1458 seret,
176 1417 256 1465 quum
271 1402 347 1453 etism
363 1415 418 1453 tum
435 1402 559 1470 predives
577 1414 603 1452 et
621 1415 779 1469 prepotens,
792 1408 916 1470 supremis
930 1407 983 1457 uuir

73 1474 230 1524 cunsuleret.
427 1472 430 1483 '
836 1505 840 1517 ,

103 1548 186 1598 LXV.
196 1549 274 1599 Fsmu
284 1548 346 1608 inis,
356 1549 475 1600 Subrium
486 1550 603 1600 Fluvium
613 1565 671 1598 cum
680 1549 870 1610 centurionibus
880 1550 982 1601 occulto

72 1623 193 1680 consilio,
206 1637 288 1686 neque
301 1634 386 1672 tasneu
396 1623 652 1688 ignoruntelseueeh
667 1621 849 1684 dentientium,
863 1633 913 1671 rut
923 1635 982 1690 post

72 1695 187 1745 occisum
202 1695 277 1764 operi
290 1695 390 1745 Pisonis
410 1698 560 1756 Neronem,
586 1699 646 1746 Piso
668 1711 770 1762 quoque
790 1695 980 1755 interficeretur,

72 1765 266 1832 tradereturque
282 1770 415 1834 imperium
430 1770 541 1823 Seneca
555 1769 640 1834 quasi,
656 1769 752 1818 insonti
762 1768 912 1817 claritudine
927 1770 982 1818 vir-

72 1853 172 1903 tutum}
183 1842 348 1891 udsunrmum
359 1842 485 1908 festigium
495 1842 701 1904 delectori-Quin
711 1852 737 1889 et
752 1840 827 1890 verbs
838 1842 982 1892 Flaviivul·

72 1917 218 1983 gebanlur:
233 1916 311 1964 uNon
327 1917 419 1966 rel'erre
436 1915 566 1969 dedecori,
583 1916 607 1963 s‘t
620 1913 775 1964 citlsarnsdus
787 1914 980 1977 demoveretur,

72 1999 101 2037 et
113 1985 238 2050 truqoedus
254 1988 418 2038 succederet»
432 2005 439 2036 s
453 1989 509 2053 quin
516 2027 525 2050 ,
536 1987 643 2038 utNero
654 1987 749 2038 cithari
755 2023 763 2048 ,
775 1991 810 2038 ite
817 1987 876 2038 Piso
884 1991 981 2057 tragico

70 2073 164 2110 ornatu
174 2062 289 2109 canebat.

106 2134 202 2184 bxvt.
217 2132 459 2184 Ceteriunmilitarii
467 2149 568 2200 quoqne
577 2136 789 2201 conspirstionon
797 2137 863 2185 uitri
871 2136 980 2199 fefellit,

71 2211 185 2260 secernis
195 2225 295 2274 quoque
307 2207 434 2256 indicibus
446 2208 479 2255 ad
488 2207 651 2273 prodendum
662 2210 769 2258 denium
780 2209 889 2266 Rufum,
901 2225 980 2274 quem

71 2283 193 2334 eumdem
203 2285 333 2330 conscium
345 2293 372 2330 et
383 2281 559 2345 inquisitorem
569 2297 620 2329 uon
632 2280 783 2346 tolerubaut.
793 2280 861 2346 Ergo
873 2284 979 2334 instanti
1000 2310 1006 2317 ν

73 2358 263 2422 minitantique,
279 2355 397 2405 renidens
404 2356 535 2419 eminus,
545 2355 694 2404 «neminem
701 2359 745 2406 ait
751 2355 824 2421 plura
831 2356 895 2404 seire
901 2355 978 2421 quim

71 2434 189 2498 ipsumn.
200 2431 371 2494 Hettuturque
378 2429 446 2480 uitrd
452 2465 460 2491 ,
471 2427 610 2479 «neddere
615 2440 668 2477 tam
673 2429 741 2476 bonu
750 2429 857 2493 principi
864 2424 980 2480 vicemn«

70 2507 132 2558 Nou
143 2521 191 2554 vox
204 2503 336 2552 aduersum
346 2521 374 2552 ea
384 2504 541 2563 Fenin,.non
553 2503 681 2552 silentium
691 2522 700 2561 ς
714 2500 758 2549 sed
769 2500 846 2548 verba
857 2515 901 2548 sua
912 2519 979 2568 prn-

69 2581 190 2650 pediene‚
202 2592 228 2630 et
239 2583 341 2646 pavoris
353 2579 514 2636 manifestus,
525 2579 681 2644 ceterisque,
696 2589 725 2625 sc
735 2576 845 2625 maxime
857 2577 981 2627 Cervario

70 2645 198 2716 Proculo,
213 2656 297 2719 equite
308 2691 314 2710 ,
327 2655 359 2704 sd
366 2651 570 2705 convincendum
580 2666 640 2700 eum
651 2651 762 2700 connisia
768 2685 776 2708 ,
784 2648 854 2711 iussu
865 2651 979 2720 impera-

71 2732 153 2787 torie,
166 2728 181 2778 d
195 2730 284 2778 Cereio
300 2731 400 2788 milite,
413 2728 503 2794 quini>
518 2726 619 2793 insigne
629 2724 743 2793 corporis
756 2725 835 2776 robur
848 2725 979 2792 adstsbat,

72 2805 224 2870 corripitur,
237 2804 402 2868 vinciturque.
1011 2843 1022 2858 ,

102 2875 212 2928 LXVII.
229 2875 291 2924 Mox
310 2875 461 2926 eorumdem
479 2873 575 2922 indicio
592 2871 696 2923 Subrius
715 2870 831 2930 Pierius,
847 2872 979 2929 tribuunt,

70 2950 237 3020 pervertitur,
252 2949 334 3014 primo
351 2947 612 2998 «dissimilitudinem
621 2959 745 2996 morum»
763 2943 796 2999 ad
806 2942 979 2994 defensionem

70 3023 192 3082 trabem,
204 3040 218 3070 u
227 3038 309 3088 neque
317 3038 343 3071 se
352 3034 492 3083 srmatum,
502 3037 561 3070 cum
567 3018 708 3068 inermibus
718 3029 744 3067 et
752 3018 981 3081 effeminatis,tau·

70 3109 128 3147 tum
142 3097 239 3146 iscium
252 3099 455 3146 consociaturum
464 3113 479 3144 u
493 3113 500 3144 :
516 3094 592 3155 dein,
604 3104 737 3158 postquam
749 3092 900 3154 urgebatur,
915 3105 980 3138 con·

70 3170 188 3220 fessionis
204 3171 310 3234 gloriam
330 3171 477 3236 amplexus,
489 3171 706 3232 interrogem-qne
725 3163 870 3220 dNerone,
886 3161 981 3225 quibus

71 3245 155 3294 causis
165 3242 198 3292 sd
207 3243 365 3292 oblivionem
372 3243 521 3292 recrementi
529 3238 706 3304 proeessiuset:
719 3233 851 3283 uOderum
866 3245 909 3280 ten
918 3265 927 3292 ,
937 3233 982 3307 in·

71 3319 129 3386 quit
139 3335 148 3368 ι
166 3333 239 3368 succ
248 3319 381 3384 quisquam
393 3317 442 3370 tibi
452 3312 549 3366 fidelior
559 3312 673 3368 unitura
682 3308 748 3371 tuis»
758 3306 821 3358 ‘lm
832 3305 912 3356 ”ml
919 3319 986 3369 W
