2100 3709
90 101 141 160 esi
412 117 436 152 e.
455 102 549 153 sons.
568 114 687 152 escere

119 198 195 240 trium
205 202 303 240 nsortes.
313 192 419 240 Pitonia
431 196 456 237 in
468 194 571 250 Erepto
583 196 663 262 unius,
678 200 703 237 et
712 204 784 250 super
791 201 820 239 eo
830 201 953 240 retemta
962 199 1015 252 api.

119 268 202 306 niones
210 276 240 306 ac
245 263 348 314 iudicia.
359 260 447 304 Rursus
456 261 565 304 accusati
574 269 597 302 et
606 261 639 303 ad
646 267 750 304 mortem
760 259 858 314 adacti,·
867 269 898 307 et
910 259 1014 318 quidam

119 323 239 367 delatores
248 327 324 380 panis
337 321 435 378 adfecti.
454 321 587 366 Gaetulicus
598 335 659 366 unus
670 323 778 366 omniunt
792 321 875 374 Seiani
891 322 1016 378 adfinium

122 385 257 428 incolumis.
272 383 373 429 Nobiles
381 381 477 433 Parthi,
487 379 543 426 odio
552 381 613 433 regis
625 383 757 436 Artabani,
767 385 792 426 in
801 383 886 427 urbem
895 385 1012 436 veniunt,

123 444 250 490 Phraaten
259 442 525 500 registraatisfilium
532 443 579 486 sibi
585 451 797 500 regentposcentes
803 457 810 486 ι
817 457 889 502 quem
895 450 1014 488 omarum

126 505 338 562 Casarpatemum
345 503 510 560 adjustitiam
518 503 588 548 erebi
590 511 598 547 t
604 518 612 546 .·
619 505 662 548 sed
669 518 697 548 eo
705 505 769 562 apud
775 506 874 558 Syriam
883 503 1014 560 defuncto,

125 566 252 609 Tiridaten
267 565 391 617 sanguinis
399 565 516 622 eiusdem,
527 567 641 610 amulum
651 565 782 618 Artabano,
793 567 868 610 mittit
881 563 1016 611 Tiberius,

118 629 268 684 cunctisque,
277 639 329 685 qua
337 625 402 683 apud
413 628 538 671 Orientem
545 625 703 684 parabantur,
720 627 748 670 L.
761 626 785 670 V
785 627 892 670 uetitum
898 623 1018 681 proeficit.

122 686 214 731 Proelia
224 689 287 730 inter
294 687 420 732 Armenios
428 697 452 730 et
462 687 577 732 Parthos.
588 685 725 730 Artabanus
736 699 806 738 regno
816 689 923 730 ersrstu's
932 719 940 742 ,
956 693 981 728 et
991 687 1016 726 in

122 745 249 798 Scythiam
257 745 387 804 profugus:
399 751 440 792 cui
450 749 571 792 Tiridates
580 747 705 804 sufficitur
713 747 813 792 Vitellii
822 745 937 790 conscilio*
944 753 970 788 et
979 755 1017 786 ar·

121 821 176 851 mss.
183 809 217 852 Ar
226 807 307 851 Roma
315 808 446 852 illustrium
454 808 627 854 damnationes
636 817 659 851 et
667 815 763 862 mortes,
775 805 874 852 Tiberio
884 805 923 848 ad
930 811 1018 862 portat

123 869 187 912 urbis
194 868 300 925 sedente,
309 879 334 914 et
340 872 405 914 uelut
413 871 542 915 undantem
548 871 685 928 perdomat
691 870 829 920 sanguinent
836 868 1016 924 adspiscientct

128 931 198 972 Clite
211 931 301 975 Cilices
309 935 360 990 regi
368 945 412 977 suo
421 933 530 986 rebelles,
542 940 565 976 et
574 933 589 975 b
598 933 632 976 tt.
648 931 767 976 Trebellio
776 931 885 986 repressi.
902 929 964 988 ilex
979 928 1017 972 Tt—

126 989 218 1034 ridates
228 990 330 1036 dissidio
337 1005 465 1049 procerum
472 994 582 1050 pellitur,
594 1000 617 1035 et
625 990 763 1036 Artabanus
776 992 800 1032 in
811 1001 911 1040 regnum
919 987 1016 1030 ‘iterum

124 1053 225 1092 aeritur.
234 1051 316 1094 Romae
323 1053 459 1097 incendium
465 1062 545 1109 atros,
554 1052 737 1109 quoddamnnns
749 1049 852 1094 Ceteris
859 1047 1017 1094 liberalitate

124 1110 224 1154 leuatur.
235 1112 328 1157 Tiberii
335 1114 476 1158 deliberatio
487 1115 517 1156 de
525 1127 677 1168 successore,
689 1114 785 1171 eiusque
793 1115 885 1156 viriuns
893 1109 1013 1166 defectio,

124 1179 148 1212 et
159 1184 224 1243 mors
232 1185 276 1226 per
286 1175 426 1220 Macronem
438 1174 529 1230 injectu
541 1175 625 1222 sttuite
634 1175 711 1220 uestis
718 1179 854 1232 properate·
869 1172 934 1223 ΗΜ
947 1177 1016 1230 wlff

124 1235 361 1280 annsscircitersea.
498 1236 502 1244 ¹
765 1264 768 1270 ·

241 1396 268 1449 (ἶ.
280 1402 409 1462 Domitio,
417 1402 457 1452 Μ.
470 1401 547 1453 Furio
559 1401 677 1453 Camillo.
699 1430 701 1433 v

240 1467 295 1518 Ser.
306 1470 419 1536 Sulpicio
433 1471 529 1531 Galbin,
546 1469 576 1519 L.
593 1468 712 1520 Cornelio
722 1463 801 1522 Sulla.

132 1563 206 1620 cm·
239 1534 320 1620 {culo
330 1536 420 1613 labio,
430 1538 460 1583 L.
472 1535 630 1646 ifftglelppuio
641 1594 709 1644 Rufo

239 1621 271 1718 ὅ.
282 1602 463 1719 glidtiotiaslelii
473 1632 589 1720 Papinio.
711 1625 719 1645 o

239 1725 287 1773 Cn.
301 1723 456 1796 Acerronio,
466 1722 498 1774 C·
509 1722 611 1774 Pontio.
656 1739 662 1746 ·

824 1711 833 1732 l

97 1924 120 1973 1.
132 1888 346 1977 Cnoomiuus,
356 1929 382 1966 et
392 1917 515 1968 Camillus
525 1914 703 1968 Scribonianus
714 1913 875 1970 consulatum
881 1919 1013 1990 inientes

96 2011 177 2060 quum
185 1995 279 2047 Cesar,
289 1991 406 2040 transisso
413 1990 482 2055 quod
492 1993 603 2058 Capreas
613 2001 637 2040 et
647 1991 797 2041 Surrentum
805 1993 924 2058 interluit
933 1996 1012 2060 freto,

96 2064 260 2130 canipanism
272 2061 437 2130 praelegebst,
449 2065 582 2132 ambiguus
592 2083 624 2115 eu
639 2065 728 2130 urbem
737 2065 856 2131 intraret,
867 2085 926 2130 seu,
944 2071 1008 2136 quia

94 2136 185 2191 contri
199 2135 384 2201 destinaverat,
402 2137 510 2208 speciem
525 2142 626 2190 venturi
638 2141 757 2190 simulans
770 2157 776 2189 ι
789 2152 814 2190 et
830 2142 893 2208 sape
906 2145 933 2192 in
943 2159 1011 2210 pro-

96 2215 193 2280 pinqua
203 2209 350 2278 degressus,
362 2212 436 2263 aditis
448 2214 517 2277 juxta
527 2215 643 2264 Tiberim
651 2213 744 2276 hortis,
754 2230 812 2264 saxa
822 2214 922 2264 cursim
933 2229 961 2266 et
970 2233 1011 2266 so·

97 2287 233 2337 litudinem
246 2287 324 2335 muris
338 2287 441 2353 repetiit
448 2323 456 2347 ,
467 2288 567 2354 pudore
577 2289 701 2337 scelerum
716 2299 740 2336 et
751 2287 899 2338 libidinum:
914 2291 1010 2354 quibus

97 2360 162 2410 adeo
177 2359 309 2410 indomitis
328 2372 471 2423 exusserat,
484 2372 513 2410 ιιι
524 2377 596 2412 more
611 2363 679 2427 regio
690 2363 784 2428 pubem
797 2364 933 2428 ingenuam
952 2377 1009 2414 stu·
1042 2395 1043 2432 ι

45 2435 49 2446 ’
95 2437 149 2505 ptis
161 2435 300 2502 pollueret:
314 2451 362 2484 nec
373 2433 481 2486 formam
491 2432 592 2486 santium
604 2445 628 2484 et
640 2433 730 2485 decora
741 2453 863 2504 corpora,
876 2436 958 2494 sediti
969 2437 1008 2486 his
1042 2475 1043 2498 ,

96 2511 240 2561 modestam
249 2512 400 2579 pueritiam,
414 2514 441 2562 in
453 2513 509 2560 iliis
524 2509 647 2574 imagines
659 2507 1007 2571 majorum‚'iucitumenium

98 2587 227 2650 cupidinis
234 2586 359 2634 habehat:
374 2597 484 2649 tuncque
492 2581 605 2649 primism
615 2583 698 2647 ignota
707 2583 764 2632 autb
776 2582 898 2634 vocabula
908 2595 1007 2652 reperta
1021 2576 1024 2584 ¹

97 2672 174 2720 snut,
191 2659 365 2712 sellariorum
381 2670 407 2707 et
421 2659 621 2728 spintriarum,
635 2672 667 2706 ex
679 2657 792 2709 foeditate
804 2660 855 2708 loci
873 2677 901 2710 sc
916 2661 1007 2710 multi-

96 2730 159 2794 plici
169 2729 290 2794 patieutii
301 2747 307 2776 :
320 2730 497 2796 propositique
508 2729 574 2778 servi
584 2729 628 2793 qui
639 2743 782 2795 quererent
792 2767 798 2790 ‚
812 2733 1004 2796 pertraherent:
1042 2751 1043 2782 t

96 2800 162 2850 dona
175 2802 346 2866 inpromptus
359 2838 366 2861 ‚
382 2801 465 2850 minas
476 2798 614 2852 adversim
626 2803 780 2854 abnuentes:
796 2815 822 2852 et
837 2803 857 2852 si
868 2806 1003 2858 retinerent

96 2875 270 2942 propinquus,
286 2888 330 2925 aut
341 2894 432 2944 pareus
440 2915 448 2939 ,
464 2879 516 2929 vim
523 2916 533 2946 ‚
544 2889 646 2946 raptus,
662 2895 756 2946 susque
769 2879 818 2946 ipsi
829 2877 904 2930 libita
912 2917 920 2942 ,
935 2885 1003 2934 velut

96 2955 220 3014 incaptus
232 2951 393 3002 exercebant.
915 2954 919 2962 ’
1042 2977 1043 3021 ι

130 3033 166 3084 11.
177 3032 213 3084 At
226 3033 445 3105 Romaprinoipio
457 3040 518 3088 enni
524 3078 534 3103 ,
546 3040 618 3106 quasi
628 3038 716 3091 reolus
727 3039 836 3106 cognitis
845 3037 923 3088 Liria
931 3039 1001 3105 flagi·
1042 3087 1043 3112 ἱ

96 3109 155 3173 tiis,
165 3125 194 3157 ec
204 3126 257 3158 uon
270 3109 372 3176 pridem
385 3115 461 3163 etiam
473 3115 587 3180 punitis,
599 3125 696 3164 atroces
712 3115 842 3164 sententias
857 3113 1000 3162 dicebantur
1042 3121 1043 3180 t

97 3184 125 3232 in
142 3183 235 3248 effigies
254 3202 355 3250 quoque
372 3205 402 3238 ac
415 3191 567 3239 memoriam
587 3189 639 3255 ejus
656 3207 661 3238 ι
676 3200 702 3238 et
720 3190 809 3240 ebora
826 3186 909 3250 Seiani
924 3189 999 3236 uitiata
1042 3189 1043 3272 l

98 3259 200 3320 erario,
214 3269 242 3306 ut
260 3260 286 3307 iu
301 3261 391 3310 fiscum
402 3276 553 3328 cogerentur
568 3280 594 3322 n,
614 3275 656 3312 tan
675 3280 734 3312 uem
747 3261 862 3312 referret.
879 3261 1000 3326 Scipiones
1042 3273 1043 3320 t

94 3320 166 3408 phac,
181 3337 207 3377 et
221 3324 315 3394 Sileni,
333 3340 360 3382 st
374 3331 472 3397 Cassii,
487 3329 581 3385 iisdem
600 3280 679 3384 lesaii
693 3341 737 3382 aut
748 3329 854 3400 paulum
870 3327 1000 3380 immutatis
1042 3325 1043 3406 ]
