2100 3709
263 22 459 66 ,seusticus
482 23 546 60 sss.
573 27 616 65 ru.
812 64 818 70 .
859 34 907 82 sss

38 113 169 179 aggeribuset
177 107 310 176 pontibus,
320 106 474 159 traducendo
485 109 595 174 graviori
603 109 711 178 agmini,
720 113 802 166 firmet
814 133 820 168 :
831 130 908 185 stqus

38 189 115 235 interius
123 184 220 251 repertis
230 181 313 245 vadis,
326 183 391 230 slsm
402 182 577 232 Caninelatem
586 221 592 240 ‚
602 195 628 233 et
638 185 706 250 quod
715 187 829 253 peditum
840 193 909 244 Gerdb

36 277 144 310 manorum
154 264 214 307 inter
226 267 327 304 nostros
338 258 465 312 merebat,
480 257 648 325 circumgredi
661 271 730 326 terga
745 262 855 316 hostium
867 269 910 332 jus

36 338 68 385 let
77 356 82 386 ς
92 337 129 401 qni
137 334 184 399 jam
195 332 250 381 seis
261 332 397 396 compositi
411 331 511 397 pellunt
523 345 619 383 turmas
634 335 753 396 sociales,
764 341 909 407 equitesque

35 412 138 475 legionum
149 405 259 459 subsidio
271 405 371 454 missos.
387 405 456 454 Turn
469 416 522 456 tres
537 407 605 457 leves
619 407 752 469 cohortes,
768 428 798 460 ac
810 431 911 466 rursum

35 485 90 547 due;
102 483 154 531 dein
166 492 278 544 tempure
290 477 438 539 interiecto,
454 479 547 528 elesius
558 495 634 544 eques
645 482 761 532 immisus
773 505 779 534 :
792 489 853 537 satis
867 507 913 539 va.

31 558 80 619 lidi,
95 559 115 605 si
128 555 201 605 simul
212 553 401 601 incubuissent:
413 568 457 619 per
468 552 630 602 intervallum
639 555 803 609 adventantes
810 595 817 618 ,
827 579 912 628 neque

35 632 173 680 musuntism
188 626 338 676 addiderant
352 625 477 683 turbatis,
495 637 521 675 et
535 643 630 692 pavore
645 625 797 696 fugientium
812 635 912 684 sufere·
941 623 944 631 ¹

31 705 112 754 bantur.
121 703 228 767 Cethego
237 699 350 749 Labeoni
358 735 364 756 ,
372 699 456 762 legato
464 697 558 762 quinte
568 697 691 763 legionis,
705 703 774 766 quod
785 706 913 772 reliquum

31 777 175 838 muliorum,
187 773 278 823 tradit:
289 785 363 837 atque
379 773 437 829 ille,
447 770 637 820 lusitanorum
647 789 690 830 re,
702 775 730 822 in
739 792 830 844 auceps
844 792 915 830 trac·

35 862 76 908 tus,
85 851 158 898 missis
164 847 276 909 nuntiis,
285 848 338 893 vim
347 844 478 910 legionum
487 845 651 910 implorabat:
663 863 831 916 prorumpunt
839 854 915 919 quin.

36 927 74 973 teni
81 935 130 973 ante
138 923 200 971 alios
209 955 217 979 ,
227 931 254 991 et
263 921 315 968 acri
324 917 406 986 pugni
415 917 488 967 hoste
500 919 586 984 pulso,
597 919 724 986 recipiunt
729 921 841 976 cohortis
849 927 917 976 alat·

36 1013 82 1062 pre,
94 996 162 1045 lessus
174 993 332 1043 vulneribus.
349 994 436 1056 Neque
448 993 500 1043 dux
509 995 639 1048 Romsnus
651 995 733 1044 ultum
745 997 790 1055 iit,
801 1011 915 1050 sutcor-

34 1083 80 1134 pcrs
87 1071 207 1131 humanu
218 1084 361 1132 quanquam
371 1067 445 1116 multi
454 1067 614 1116 tribunorum
626 1067 869 1138 psalmorumque,
887 1087 914 1124 ee

34 1148 120 1210 insignes
135 1147 292 1194 centuriones
307 1141 468 1190 cecidissent.
484 1143 547 1190 Mox
562 1143 747 1208 compertnml
762 1149 913 1214 transfugis,

33 1229 148 1284 nongentos
158 1219 334 1266 Romanorum
344 1213 413 1279 spnd
424 1215 522 1274 lucum,
533 1229 608 1280 quoru
619 1213 798 1270 Baduhennoe
808 1233 898 1272 vocaut
907 1259 915 1283 ‚

33 1294 98 1358 pugni
103 1294 125 1340 in
131 1302 258 1358 posterum
264 1306 292 1336 ex
297 1287 390 1344 tracti,
400 1287 530 1336 coniectos
538 1305 544 1335 :
551 1300 576 1335 et
588 1289 664 1336 aliam
672 1289 916 1354 quadringentorum

34 1381 129 1427 uranum,
139 1363 261 1431 occupatd
274 1363 433 1432 Cruptoricis
443 1359 574 1423 quondum
589 1361 746 1426 stipendiarii
755 1366 829 1427 vtttt,
840 1379 915 1433 post-

34 1453 91 1502 quens
97 1437 203 1504 proditio
211 1436 374 1485 metuebatur
385 1431 497 1487 ‚mutuis
504 1433 598 1480 ictibus
609 1433 782 1496 procubuisse.

60 1509 166 1561 LXXIV.
186 1511 292 1559 Clarum
305 1505 364 1556 inde
378 1507 445 1554 inter
457 1500 600 1557 Germanos
611 1507 721 1556 Frisium
736 1525 847 1558 nomen:
864 1510 916 1560 dis-

36 1583 142 1633 simulante
153 1583 259 1632 'l'iberio
270 1579 363 1631 demna
374 1595 423 1638 ‚ue
432 1581 475 1626 cui
485 1578 583 1626 bellum
593 1581 760 1645 permitteret.
773 1581 860 1648 Neque
872 1599 917 1634 se..

36 1667 87 1704 uatus
101 1659 170 1706 ineo
186 1671 262 1718 cura,
282 1669 314 1702 an
329 1653 430 1719 imperii
447 1659 558 1702 extreme
573 1651 816 1704 dehonestarentur:
835 1671 915 1723 paro:

35 1727 119 1780 internus
130 1737 300 1795 occupaverat
316 1726 429 1786 animos,
442 1728 485 1775 cui
499 1724 640 1776 remedium
656 1725 800 1780 adulatione
814 1746 915 1795 quare.

34 1797 92 1854 bitur.
103 1806 140 1854 lta
150 1791 298 1870 quiunquam
309 1791 413 1851 divortii
423 1816 500 1865 supet·
512 1801 588 1851 robus
596 1801 804 1861 consulerentur,
824 1819 914 1855 serum

31 1878 168 1943 dementire,
181 1896 253 1929 srsm
264 1874 405 1938 Amicitiae,
417 1876 559 1942 effigiesque
570 1878 667 1926 circum
680 1878 783 1928 Caesaris
793 1895 822 1926 ac
832 1877 915 1944 sejani

30 1956 123 2006 menese
130 1975 147 2006 n
158 1954 322 2017 :crebrisque
330 1952 448 2017 precibus
457 1950 635 2017 effligitabant,
644 1953 747 2004 visendi
755 1954 801 2002 sui
808 1956 915 2020 copiam

30 2025 138 2094 furerent.
148 2029 209 2079 Non
218 2025 258 2080 illi
268 2037 355 2076 tamen
363 2024 392 2077 itt
401 2023 491 2077 urben
501 2059 508 2082 ‚
522 2035 565 2071 sut
576 2025 719 2091 propinqua
734 2024 790 2072 urbi
803 2025 915 2092 degressi

31 2113 82 2151 surr:
96 2103 160 2153 ntis
171 2103 272 2163 viem,
290 2098 410 2146 omittere
421 2095 545 2157 insulam,
560 2107 588 2143 et
598 2096 624 2147 in
640 2099 755 2162 proximo
770 2097 914 2164 Campsuiss

31 2173 114 2241 tltpici:
131 2175 163 2226 eb
175 2176 263 2224 venire
274 2183 374 2240 patres,
386 2185 476 2233 eques,
489 2183 579 2232 magna
592 2184 649 2235 pars
663 2169 744 2234 plebis
756 2203 763 2227 ,
774 2170 842 2218 auxii
855 2188 913 2238 erga

31 2243 136 2308 lsjsnnsn,
148 2247 223 2312 cnjus
232 2246 320 2296 durior
330 2243 495 2308 congressus,
505 2253 580 2306 etque
589 2239 619 2293 ed
631 2257 675 2307 per·
683 2242 822 2304 ambitum,
832 2255 858 2293 et
870 2262 914 2295 so-

32 2319 90 2372 tietate
99 2321 266 2371 consiliorum
272 2318 416 2385 parebatur.
426 2316 491 2368 Satis
504 2315 636 2365 constabat
644 2327 744 2365 suctum
753 2315 776 2363 ei
786 2313 914 2381 adrogan-

32 2392 83 2453 fisu,
98 2395 200 2446 foedum
215 2392 284 2442 illud
301 2393 328 2440 iu
344 2391 480 2457 propatulo
498 2387 630 2442 servitium
652 2386 777 2452 spectanti
795 2404 801 2433 :
821 2391 915 2454 quippe

32 2461 88 2516 Rene
96 2471 164 2518 sueti
174 2467 306 2516 discursus
314 2485 321 2528 3
330 2475 356 2512 et
367 2458 543 2527 magnitudine
553 2457 621 2508 urbia
630 2458 763 2516 incertum,
774 2455 842 2521 qudd
851 2461 917 2523 quis-

33 2553 60 2599 ue
69 2543 96 2590 sd
110 2543 249 2608 negotium
263 2550 352 2607 pergat
362 2555 368 2586 :
378 2537 415 2587 ibi
433 2549 525 2600 campo
539 2542 583 2587 sut
600 2532 686 2581 liltore
705 2529 828 2595 iacentes,
844 2533 915 2585 nullo

32 2607 159 2671 discrimine,
175 2627 281 2663 noctem
289 2629 318 2661 ac
327 2611 411 2668 diem,
423 2606 493 2670 iuxtit
505 2608 613 2673 gretiam
629 2616 673 2653 aut
686 2601 771 2654 fastus
779 2604 914 2668 janitorum

31 2689 228 2750 perpetiebantur:
241 2686 322 2736 donec
334 2685 409 2750 idque
419 2685 544 2741 vetitum,
558 2692 584 2730 et
595 2679 714 2732 revenire
726 2681 752 2728 in
764 2681 853 2738 urbem
864 2691 919 2730 tre.

31 2757 142 2828 llibquoe
154 2779 210 2810 non
223 2775 357 2820 sermone,
372 2776 425 2809 non
435 2757 493 2803 risu
507 2754 626 2823 diguatus
642 2764 712 2806 erat:
731 2753 832 2817 quidem
848 2753 915 2803 mal‘e

31 2831 92 2883 siseres
99 2875 108 2901 ,
118 2818 343 2902 quibusinlauste
356 2831 468 2884 amicitie
480 2829 563 2895 gravia
572 2829 653 2876 exitus
666 2828 823 2878 imminebat.

47 2904 154 2960 LXXV„
166 2905 290 2958 Ceterum
310 2907 427 2955 Tiberius
442 2912 546 2966 neptem
562 2900 743 2968 Agrippinum,
764 2899 915 2948 Germanico
960 2954 962 2963 Ι

33 2992 96 3044 uum,
108 2998 202 3052 quum
214 2981 300 3032 corium
315 2985 365 3032 Cn.
377 2978 490 3028 Domitio
503 2977 662 3034 tradidisset,
682 2977 706 3027 iu
718 2978 779 3028 urbe
794 2972 917 3024 celebrari

33 3058 203 3124 tutissjnssit.
215 3056 245 3102 ln
255 3055 378 3115 Domitio,
389 3064 463 3115 super
472 3061 624 3102 vetustatem
632 3051 736 3114 generis,
744 3048 915 3115 propinquum

32 3120 138 3180 burun·
154 3126 310 3194 sanguinem
320 3123 447 3186 delegerat
457 3139 462 3167 z
474 3137 534 3172 usur
546 3122 567 3170 is
579 3120 663 3184 ariapt
676 3120 824 3174 octaviam,
835 3125 859 3161 et
870 3113 915 3170 P⁰r

32 3209 60 3248 un
65 3205 221 3274 Angustum
231 3200 383 3254 avunculum
393 3193 550 3266 praelerebat·

732 3363 753 3412 P
