2100 3709
287 12 525 57 siracusanus
546 17 605 51 nra
630 20 686 58 111.
890 13 941 67 585
982 11 985 17 “

12 122 53 152 m
60 101 168 166 tonsus
178 100 267 165 stricto
277 100 356 159 lerrc,
373 110 423 153 aut
435 98 555 153 militum
565 100 745 162 centonibus,
754 112 806 155 aut
815 108 874 159 suis
884 128 942 162 mo·

12 180 146 229 iturum
156 176 305 225 obtestans:
316 187 478 239 utquomque
489 187 597 233 notum,
607 186 632 223 et
644 174 737 261 aliquo
736 176 841 228 militari
850 180 941 247 decore

12 250 154 322 assignem
167 246 332 333 adspexerat,
343 247 375 295 ad
384 246 510 301 ferendam
521 265 597 316 opem
605 249 708 296 nomine
716 250 801 299 ciens:
813 270 871 303 moa
881 272 941 306 con·

12 336 114 373 sersus
127 320 260 386 adsigna
277 332 304 369 et
316 320 439 373 bellorum
453 320 530 379 deos
542 320 678 371 choatiam
689 320 776 388 potibs
791 329 941 392 exercitibus
958 347 976 389 ,·

12 396 99 445 llum
112 394 244 451 furorem
255 394 325 442 illam
337 392 509 442 discordiam
502 396 634 456 rnrrcerent
646 412 679 453 ιι
692 397 797 446 orabat.
812 398 893 451 donec
902 403 940 452 la

12 472 131 521 tisceret
142 466 234 517 seditio
245 503 250 521 ‚
263 477 289 516 et
300 503 306 524 ,
316 478 429 517 extremo
438 466 489 532 jam
500 466 556 527 die,
566 486 609 518 sua
617 469 724 534 quisquc
736 471 762 519 in
777 474 887 523 tentoria
899 477 942 525 di-

12 543 187 593 laberentur.
200 538 333 590 Profectus
343 540 432 599 cidem
447 546 523 593 nocte
538 542 688 603 Flavianus,
700 544 782 595 obviis
792 546 943 615 Vespasiani
977 574 980 578 ·

12 619 106 669 litter
100 636 122 666 ιι
134 615 276 665 discrimini
263 628 417 691 exemptus
427 627 474 667 est.

54 684 109 742 XI.
121 692 248 758 Legiones
256 693 337 743 veluti
345 692 403 752 tabe
413 690 511 741 iniectae
520 691 649 760 Aponium
657 694 832 759 Saturninum,
842 690 944 750 Moesici

12 764 291 831 exercitualegatum‚
303 764 333 815 ed
344 763 456 815 atrocius
465 764 659 831 adgrediuntur,
670 766 739 833 qudd
749 786 811 832 non,
821 784 850 821 ut
860 772 945 839 priris,

12 842 118 891 labore
131 852 158 889 et
170 857 245 907 opere
257 840 340 907 lessae,
355 841 400 892 scd
416 842 508 899 medio
515 843 567 891 diei
579 856 738 933 caarscrant3
744 848 862 918 vulgatis
873 850 942 916 epis·

12 916 98 975 tulis,
111 906 331 981 quassaturuinus
340 917 373 967 ad
379 918 514 971 Vitellium
527 920 655 1005 scripsisse
665 908 825 973 credebatur·
837 924 944 975 ΠιοΙιιιι·

15 991 134 1040 virtutis
150 983 346 1055 modestiaeque,
361 1002 422 1040 tunc
437 994 601 1057 procacitatis
614 1006 641 1043 et
655 995 800 1059 petulantias
817 1010 945 1051 certamen

18 1077 97 1125 erat,
114 1065 383 1115 neminirsviolentcr
403 1063 553 1129 Aponium,
571 1085 647 1131 quam
657 1070 820 1131 Flavianum,
835 1073 945 1143 adsap-

18 1142 143 1209 pliciurrc
158 1142 332 1218 deposcerent.
352 1140 453 1207 Quippe
470 1142 577 1193 Moesicae
594 1144 722 1208 legiones,
737 1147 898 1215 «adiutum
889 1170 904 1201 a
918 1168 945 1203 ιι

21 1218 241 1271 Pannonicorum
253 1215 412 1272 ultionem»,
421 1211 571 1275 relerentes
583 1227 608 1263 et
618 1216 771 1278 Pannonici,
780 1223 851 1271 velut
860 1224 947 1275 absol·

24 1302 156 1340 verentur
164 1290 273 1349 aliorum
284 1286 434 1347 seditione,
428 1299 516 1337 iterare
527 1290 638 1356 culpam,
648 1290 801 1354 gaudebant.
808 1293 840 1343 In
849 1296 946 1359 bortos,

25 1368 56 1415 in
68 1365 204 1433 quabru
176 1362 355 1411 devertebatur
366 1362 516 1411 Saturninus
522 1375 669 1429 ,perguntz
680 1380 727 1413 nec
736 1376 788 1413 tam
799 1367 913 1438 Primus,
922 1382 949 1421 et

25 1438 199 1523 Aponianus
210 1447 236 1485 et
246 1436 364 1485 Messalla
375 1435 530 1501 [quanquam
536 1452 613 1499 orum
605 1437 701 1486 modo
711 1433 770 1505 nisi)
780 1441 895 1505 eripudre
904 1444 952 1493 Sar

29 1512 182 1572 suminam,
205 1508 282 1575 quim
305 1510 445 1559 obscuritas
458 1511 634 1569 latebrarum,
655 1511 748 1585 quibus
767 1516 949 1580 occulebatur,

28 1586 179 1647 vacantium
193 1584 256 1635 lorti
267 1583 365 1633 balneat
371 1601 415 1633 um
422 1583 565 1635 fornacibus
576 1584 695 1637 abditus.
705 1602 781 1646 mox,
791 1604 892 1638 omissis
899 1590 951 1641 lac-

29 1660 149 1709 toribus
161 1658 293 1707 Patauium
303 1658 438 1710 concessit
449 1658 570 1725 Digressu
579 1660 771 1716 cousralarrum
780 1679 826 1711 uns
818 1662 949 1715 Antonio

12 1734 73 1802 ¹ria
86 1749 115 1781 ac
127 1745 239 1799 potestas
252 1734 278 1781 iu
295 1744 432 1798 utrumque
448 1734 589 1784 exercitum
598 1732 662 1795 brit,
674 1734 822 1787 cedentibus
833 1736 950 1803 collegis,

32 1818 62 1857 et
72 1809 187 1856 obversis
198 1807 310 1857 militum
320 1804 429 1858 studiis:
440 1826 487 1859 nec
495 1810 600 1859 deerant
610 1827 654 1874 qur
648 1810 805 1872 crederent,
813 1822 950 1865 ιιιιιιιιίιιιο

34 1880 188 1933 seditionem
200 1880 289 1930 fraude
298 1882 405 1931 Antonii
413 1898 535 1950 coeptam,
546 1896 578 1933 ut
588 1886 657 1935 aolus
665 1885 735 1935 bello
744 1886 880 1937 frueretur.

70 1958 129 2006 ΧΠ.
140 1957 194 2003 Ne'
189 1974 213 2003 ιιι
222 1954 324 2006 Vitellii
321 1956 441 2031 quidem
449 1962 567 2023 partibus
578 1963 669 2023 quietae
678 1972 792 2025 mantes,
805 1961 952 2012 exitiosiore

39 2028 177 2089 discordiis,
185 2046 236 2077 nou
245 2016 432 2093 suspicionibus
440 2032 520 2094 vulgi
529 2031 574 2080 aed
582 2031 687 2094 perfidis
697 2033 801 2092 ducum
812 2032 962 2084 ιιιιιιιιιιιιι-”

38 2116 90 2154 tur.
97 2103 209 2151 Lucilius
218 2104 318 2159 Bassus,
326 2102 412 2151 classis
421 2101 729 2167 Ravennatispralectns,
744 2106 876 2169 ambiguos
885 2107 953 2155 mili·

39 2190 94 2227 tum
108 2175 205 2227 animoa
213 2212 220 2237 ,
229 2174 298 2249 qudd
308 2192 466 2241 magnapara
477 2175 601 2224 Dalmata
612 2171 789 2241 Pannoniique
801 2187 888 2238 erant,
899 2196 953 2242 quae

40 2252 177 2319 provincias
183 2234 338 2316 Vespasiano
349 2249 510 2314 tenebantur,
518 2248 693 2315 partrbuaejus
701 2263 889 2316 aggregaverat
895 2254 955 2305 Nox

39 2324 180 2411 proditioni
194 2326 290 2382 electa,
303 2337 343 2385 ut,
357 2326 450 2373 ceteris
463 2326 572 2391 ignaris,
588 2324 954 2392 soliinprincipiadcfectores

42 2400 148 2453 coirent.
166 2401 257 2449 Bassus
273 2398 388 2465 pudore,
405 2414 450 2447 scu
469 2409 541 2447 metu
557 2398 674 2462 quianam
690 2399 773 2447 caitus
789 2400 870 2459 toret,
888 2401 953 2451 intra

42 2474 145 2523 domum
162 2472 351 2538 opperiebatur.
369 2469 517 2520 Trieres-chi
535 2486 627 2535 magno
641 2471 754 2521 tumult'u
768 2471 869 2522 Vitellii
886 2475 953 2523 ima-

44 2551 113 2616 gines
123 2546 247 2611 invadunt
254 2583 262 2607 ,
273 2554 300 2595 et
311 2547 398 2613 paucis
409 2545 583 2594 resistentium
594 2545 766 2607 obtruncatis,
777 2538 955 2597 ceterum'vu'l.

44 2638 105 2687 gus,
122 2636 206 2669 rerum
220 2635 345 2669 novarum
363 2619 466 2678 studio,
484 2620 508 2667 iu
522 2618 706 2684 Vespasianum
721 2618 953 2669 inclinasstdrum

44 2704 186 2762 progressus
195 2692 307 2743 Lucilius
319 2706 448 2743 auctorem
458 2709 485 2762 sp
493 2691 578 2759 palim
586 2692 682 2759 prebet
692 2711 698 2741 :
709 2694 794 2743 classis
802 2687 953 2744 cornelium
1009 2724 1011 2728 .

44 2768 150 2819 Fuscum
162 2766 305 2832 praeiectum
319 2768 367 2816 sibi
379 2768 506 2827 destinat,
518 2768 562 2831 qui
575 2766 684 2833 propere
694 2767 847 2817 adcucurrit.
862 2769 953 2817 Bassus

46 2840 165 2891 bonorati
174 2839 298 2901 custodit,
309 2839 452 2889 Liburnicis
460 2840 568 2889 navibus
576 2840 699 2888 Hadriam
709 2854 856 2907 pervectus,
866 2840 953 2907 ipre-

45 2916 111 2967 lecto
122 2916 163 2963 ala
174 2916 278 2964 Mennio
290 2916 397 2974 Rufino,
411 2915 556 2979 presidium
566 2914 619 2963 illic
630 2916 754 2981 agitante,
767 2916 889 2965 vincitur.
903 2912 954 2961 Sed

12 3040 16 3053 ,
50 2988 156 3040 exsoluta
173 2989 260 3039 statim
275 2990 389 3055 vincula,
408 2988 555 3040 interventu
568 2988 659 3038 Hormi
668 3026 676 3049 ,
692 2991 796 3053 Caesaris
812 2989 898 3038 liberti
911 3003 918 3035 s
930 2986 953 3035 ia

51 3061 462 3130 quoqueiuterduceshabebatur.

81 3137 150 3187 Xlll.
165 3138 199 3190 Ar
213 3138 323 3196 Casina,
339 3137 482 3186 delectione
492 3138 577 3187 classis
593 3136 711 3203 vulgati,
725 3138 851 3204 primores
862 3139 953 3179 cantu—

54 3211 146 3261 rionum
157 3248 162 3269 ,
174 3223 303 3277 etpaucos
312 3212 438 3275 militum,
449 3213 540 3259 ceteris
551 3228 595 3275 per
604 3212 698 3259 militie
707 3223 812 3258 munera
822 3204 953 3269 dispersisp

57 3298 142 3339 recreta
152 3290 293 3343 castrorum
304 3286 437 3351 affectans,
448 3287 477 3339 in
491 3286 615 3359 principia
632 3296 716 3338 rocas.
728 3284 769 3334 lbi
783 3278 956 3345 cVetpstlwl

953 3544 1039 3639 j
