2100 3709
83 25 133 79 258
402 40 427 76 c.
447 9 542 94 confr.
562 38 679 78 rscrrr

84 118 181 173 circinn
198 119 277 178 arvis,
293 121 353 170 dum
367 117 435 168 bunc
447 121 485 170 vel
498 121 572 170 illum
586 123 672 171 locum
682 118 801 186 promissi
815 120 904 188 «pectis
917 124 1014 173 adse-
1039 138 1040 189 ι

34 252 36 256 ,
84 206 169 256 reret,
186 205 375 257 sequunturque
393 210 444 241 nun
459 192 536 242 modb
553 195 666 252 milites,
682 193 727 243 sed
740 195 848 260 populus
857 201 1011 261 agrestium
1039 196 1040 239 ἶ

84 267 215 320 efficiendo
225 269 295 332 operi
306 265 470 331 adsumptus,
482 267 582 316 tandem
593 268 691 332 ,positd
699 269 829 328 vecordid,
839 267 911 318 «nou
919 271 1010 321 lalsa-
1039 268 1041 383 .

85 340 143 391 ant'e
155 343 252 387 somnis
264 355 324 401 sus,
338 355 414 403 seque
425 351 486 387 tnnc
498 341 609 404 primum
619 342 719 394 elusum
727 359 742 389 ι)
755 338 898 398 admirans]
911 343 1010 408 pudo·
1039 386 1041 413 ,

84 428 138 461 rem
148 424 173 461 et
181 423 276 460 metum
288 423 370 459 morte
380 411 522 460 voluntarii
532 409 627 476 ell'ugit.
635 413 747 477 Quidam
758 410 890 461 evinctum
900 431 929 462 ae
938 428 1010 466 mox
1039 418 1040 477 3

85 486 217 536 dimissum
232 483 369 536 tradidere
377 520 387 542 ,
400 484 527 549 ademptis
537 485 627 550 bonis,
643 485 669 533 in
684 487 770 534 locum
781 488 854 550 regite
865 504 968 552 gazaeu.
1000 504 1015 516 ‘
1039 480 1041 489 ’

115 559 162 609 IV.
174 557 272 606 lntereb
283 569 399 614 senatus,
412 563 558 622 propinquo
569 560 669 608 lustrali
681 561 835 620 certamine,
845 573 875 608 nt
885 561 1009 609 dedecus
1039 514 1041 610 i

84 631 297 687 averteret,offert
307 633 453 696 imperatori
464 650 479 680 u
487 633 619 681 victoriam
631 631 729 690 centies,
743 632 896 704 arijieitque
906 634 1007 683 lacun-

84 704 257 754 diaacoronnm
265 725 289 770 e,
298 706 345 770 quia
353 707 451 754 ludicra
460 706 618 763 deformitas,
626 709 760 756 velaretur.
768 708 819 756 Sed
825 709 902 765 Nero,
913 707 1009 757 «nihil

84 780 196 838 ambitu,
208 797 254 828 nec
263 791 387 846 potestate
397 780 499 830 senatits
509 799 573 846 opns
583 798 637 828 esse
648 783 782 834 dictitent
788 819 798 841 ,
807 798 832 829 se
842 798 943 845 equum
952 782 1008 832 ad·
1039 784 1040 789 ’

84 869 170 902 versus
182 856 296 914 aernulos,
310 866 338 902 et
353 854 475 918 religione
497 855 610 917 judicum
622 856 739 902 meritam
751 854 852 904 laudem
863 855 1009 904 adsecutu-
1039 852 1041 911 i

83 943 142 975 rum
148 943 174 987 n,
184 927 268 992 prirnd
277 945 378 978 carmen
389 931 412 976 iu
424 927 496 976 soend
507 928 613 976 recitat:
624 945 683 976 mox
692 965 699 985 ,
709 930 838 992 flagitante
848 930 939 992 vulgo,
951 939 1009 976 aut

87 1001 172 1048 omnis
183 999 265 1049 studia
279 1019 323 1050 sua
335 1002 496 1066 publicaret»
511 999 573 1067 (baec
585 1004 653 1049 enim
663 1003 740 1050 rerba
749 1001 843 1067 dixere)
856 1002 1008 1067 ingreditur

84 1071 226 1134 theatrum,
238 1077 336 1123 cunetis
349 1075 449 1123 cithare
461 1075 562 1137 legibus
570 1076 750 1140 obtemperans
761 1093 768 1122 t
778 1091 810 1122 ue
820 1074 1008 1141 lessuspreside.

83 1156 124 1196 ret
134 1163 140 1210 5
152 1161 184 1193 ne
194 1147 322 1206 sudorem,
335 1150 383 1196 nisi
394 1147 432 1208 ed,
442 1165 518 1211 qusm
526 1147 629 1197 indutui
639 1149 751 1213 gerebat,
761 1160 830 1196 reste
840 1146 986 1211 detergeret
997 1164 1004 1194 r

84 1231 112 1266 nt
126 1219 194 1266 nulls
204 1222 269 1278 oris,
280 1233 323 1269 ant
332 1224 432 1270 narium
442 1220 603 1272 excrementa
614 1225 766 1270 viserentur.
777 1220 911 1270 Postremi
920 1223 1004 1269 llexus

86 1305 165 1355 genu,
181 1305 273 1346 coetum
292 1297 364 1344 illum
382 1313 458 1344 nrsnu
477 1309 625 1353 veneratus,
639 1298 775 1344 sententiaa
791 1293 905 1356 judicum
916 1310 1004 1358 oppe-

86 1365 198 1416 riebatur
213 1369 272 1418 ficto
283 1387 389 1434 peroro.
400 1373 433 1420 Et
443 1371 515 1436 plebs
527 1369 631 1434 quidem
648 1370 729 1429 urbis,
739 1370 892 1417 histrionum
899 1383 1004 1431 quoque

85 1440 1004 1510 gestueiuvaresolita,personsbatcertisnrodis‚plaruuquecomposito.
1039 1470 1040 1473 =

87 1514 211 1566 Crederes
230 1517 323 1581 letari,
343 1535 372 1566 ac
389 1518 494 1568 fortasse
511 1518 680 1578 letabantur,
699 1535 743 1582 per
761 1517 886 1573 incuriam
901 1514 1004 1580 publici

37 1625 45 1638 ,
88 1580 187 1645 flagitii.

120 1655 153 1702 V.
168 1655 218 1704 Sed
229 1656 272 1718 qui
283 1656 389 1703 remotis
401 1653 415 1700 ὲ
427 1653 586 1717 municipiis,
599 1653 739 1718 severique
752 1651 852 1713 adhue,
865 1663 892 1700 et
904 1653 1006 1718 antiqui
1039 1682 1040 1691 ι

87 1729 165 1778 moris
183 1732 307 1780 retinente
323 1726 411 1791 Italis,
432 1728 528 1790 quique
548 1745 594 1794 per
609 1730 698 1792 longas
713 1729 874 1791 provincias,
893 1729 1003 1778 lascivire

90 1804 234 1869 inexperti,
247 1802 328 1851 officio
346 1801 519 1865 legationum,
530 1814 575 1850 aut
589 1802 688 1867 privatd
704 1802 815 1852 utilitate
830 1801 1003 1861 advenerant,
1039 1822 1040 1869 ι

94 1893 177 1940 neque
186 1876 333 1940 adspectum
345 1875 420 1922 illum
429 1875 546 1933 tolerare,
554 1889 636 1938 neque
643 1875 726 1924 labori
735 1875 869 1924 inhonesto
877 1877 990 1926 sufficere
993 1895 1006 1943 3
1039 1872 1040 1923 ζ

94 1965 173 2013 quum
187 1949 304 1998 manibus
319 1948 409 1996 nesciis
424 1947 585 2010 fatiscerent,
601 1949 734 1998 turbarent
744 1967 853 2013 guaros,
868 1967 900 1999 se
913 1950 1003 2018 scepei
1039 2002 1040 2015 ,

89 2021 217 2070 militibus
233 2022 441 2080 verberarentur,
457 2025 501 2088 qni
516 2041 562 2088 per
574 2041 669 2073 cuneos
679 2026 797 2084 stabant,
808 2041 840 2073 ue
850 2025 923 2088 qnod
935 2037 1003 2074 tent·
1039 2024 1040 2027 ’

89 2094 160 2160 poris
173 2105 332 2144 momentum
348 2097 438 2163 impari
452 2097 577 2157 elamore,
595 2111 640 2147 aut
652 2099 753 2148 silentio
766 2099 838 2164 segni
852 2100 1002 2163 preteriret·

95 2167 231 2228 Constitit,
243 2171 377 2236 plerosque
387 2173 516 2236 equitnm,
529 2172 590 2222 dum
605 2191 652 2239 per
666 2171 908 2239 angustiasaditds,
920 2183 951 2222 et
964 2174 1004 2222 in·

92 2253 224 2308 gruentem
240 2245 431 2296 multitudinem
449 2249 594 2307 enituntur,
603 2248 726 2308 obtritos,
737 2260 763 2296 et
774 2242 855 2308 alios,
865 2247 927 2296 dnm
938 2245 1004 2296 diem

94 2327 249 2380 noctemque
268 2319 391 2369 sedilibus
410 2324 574 2380 continuant,
595 2324 686 2370 morbo
708 2320 833 2369 exitiabili
850 2333 1002 2386 correptos:

94 2389 189 2454 quippe
197 2393 298 2455 gravior
309 2395 390 2444 inerat
400 2408 493 2451 metus,
506 2399 528 2445 si
538 2397 682 2462 spectaculo
691 2395 846 2452 defuissent,
858 2393 948 2443 multis
959 2409 1005 2458 pa<

91 2461 144 2512 liam
153 2496 161 2520 ,
174 2475 198 2514 et
209 2465 327 2530 pluribus
337 2471 459 2528 occultis,
469 2472 644 2520 utnominaac
652 2473 753 2528 vultus,
764 2470 937 2524 alacritatem,
948 2467 1006 2515 tris·

51 2596 52 2601 1
91 2536 226 2602 titiumque
240 2545 386 2592 coeuntium
404 2554 586 2592 scrutarentur.
600 2542 675 2594 Unde
692 2541 853 2599 tenuioribus
864 2541 954 2590 statim
967 2542 1001 2590 'tr-
1039 2574 1040 2601 ;

96 2622 185 2676 rogata
198 2615 324 2678 supplicio
331 2651 338 2675 ‚
351 2616 471 2666 adversus
481 2619 593 2666 illustres
603 2617 792 2667 dissimulatum
804 2615 967 2680 adpraesens,
981 2626 1018 2664 et*

93 2685 1007 2758 moxrsdditumodiumFerebantqceoVespaaianum,tccquamsomuo

96 2758 264 2822 conniveret,
275 2759 395 2810 tPhoehs
406 2763 498 2812 liberto
508 2764 672 2831 increpitum,
682 2764 794 2830 agrique
805 2764 941 2812 meliorum
949 2781 1007 2830 pre·
1039 2808 1040 2835 ζ

93 2831 169 2880 cibus
188 2833 336 2886 obtectum:
354 2853 414 2886 mox
430 2839 607 2891 imminentem
626 2839 766 2907 perniciem
784 2837 881 2904 majore
896 2839 950 2888 lato
968 2837 1006 2891 ei-
1039 2844 1040 2871 ³

93 2901 220 2970 fugisses.
1039 2958 1040 2961 ,

128 2979 174 3028 Vl.
187 2981 247 3031 Post
257 2983 333 3032 finem
347 2983 457 3043 ludicri,
470 2987 578 3052 Poppaea
592 2998 700 3037 mortem
712 2988 793 3050 obiit,
803 2986 911 3038 fortuiti
921 2985 1009 3036 mariti
1039 2968 1041 3021 l

94 3054 240 3121 iracundis,
250 3055 323 3120 liquo
334 3057 440 3123 gravida
455 3060 506 3108 ictu
517 3062 595 3110 calcis
606 3060 708 3110 addicta
716 3071 756 3110 est
766 3079 774 3110 ε
783 3078 866 3126 neque
882 3058 952 3110 enim
962 3077 1007 3108 ve·
1039 3050 1041 3129 l

97 3144 194 3178 uenum
217 3131 385 3194 crediderim,
405 3133 519 3197 quamvis
537 3135 641 3199 qnidam
660 3136 797 3201 scriptores
814 3134 931 3194 tradant,
948 3134 1006 3183 odio

95 3202 193 3266 magis,
206 3203 283 3268 quim
294 3222 325 3253 ex
341 3205 405 3255 lide:
417 3210 511 3274 quippe
524 3208 667 3258 liberorum
676 3209 797 3276 cupiens,
813 3219 839 3257 et
850 3209 932 3257 amori
942 3223 1005 3256 uro·
1038 3194 1041 3311 J

93 3275 133 3328 ris
142 3276 268 3330 obnoxius
281 3291 344 3332 erat.
360 3281 460 3348 Corpus
471 3296 524 3331 non
534 3280 741 3348 igniebolitunr,
753 3293 783 3334 nt
792 3282 1004 3346 Reuertemur,
1039 3326 1040 3369 ,

1039 3374 1040 3403 ι
