2100 3709
276 102 671 152 ‚ursrorrinusrsrs.1r.
887 100 936 162 365
1013 104 1015 107 ’

1 185 144 238 ohortet
161 187 214 238 uni
232 189 352 248 leudem,
373 194 405 242 ob
426 191 539 246 veterem
559 198 679 250 adversus
697 202 941 268 quartadecimanos

0 293 3 303 ι
15 260 178 310 'secordiam
190 278 196 310 :
211 277 257 310 nec
271 261 330 325 diu,
344 265 370 314 in
382 269 460 316 tantis
471 282 628 320 armatorum
640 274 719 336 odiIs,
730 279 801 341 quies
808 280 865 331 luit.
877 283 934 333 Au.

0 354 36 395 ,ὓ
44 348 96 384 5ῑὲ
111 335 297 394 Τῑῑῑῐῐῠοῐῑῑῐῐὶ,
315 337 376 386 dum
388 335 504 406 opificem
515 346 652 409 quemdam
666 349 776 401 Bararus
788 366 816 402 ut
832 355 934 407 frauda·

5 425 103 458 orem
122 409 276 469 insectatur,
295 411 496 476 legionarius²nt
514 415 643 484 bo'spitem
662 433 764 482 tuetur,
782 429 821 475 sui
841 432 932 494 cuique

9 483 210 532 ommilitones
222 485 362 546 aggregati,
376 485 390 533 ὲ
403 490 523 538 conviciis
535 491 567 539 ad
578 492 671 543 cadem
683 499 816 549 uendere:
829 513 855 550 et
866 520 932 567 prae-

0 560 10 602 ι·
19 574 80 606 um
93 567 168 606 atrox
176 556 290 618 arsisset,
304 558 330 606 ni
340 557 394 606 duae
406 565 528 626 pretoriae
538 564 671 627 cobortes,
685 585 785 621 eausam
795 577 934 638 quartade-

12 633 185 701 imanornna
196 639 285 678 secuta
293 667 300 689 ,
315 631 354 681 bis
369 633 505 692 fiduciam,
521 648 548 704 et
563 651 661 689 metum
677 644 779 694 Batavis
794 645 930 700 fecissem:

28 719 132 769 quesn
150 703 303 752 Vitellius-c
313 707 409 770 agmini
424 723 471 756 sno
488 709 600 782 jungip,
616 725 645 762 ut
662 714 727 765 lidos
736 739 743 782 3
763 721 931 788 «legionem,

32 777 105 826 raiis
116 776 230 842 'Alpibus
247 776 404 840 tradurram,
420 797 450 830 eo
469 783 539 833 llexu
559 786 655 837 itineris
672 789 733 840 ires)
751 791 837 856 jubet,
855 814 930 864 «qno

30 853 145 901 ienuam
156 850 265 898 vitarent
273 867 309 898 n:
322 869 430 918 namque
444 866 470 904 et
483 856 643 908 Viennenses
657 862 821 916 timebantur.
832 871 932 929 Nocte,

0 925 61 974 usi
77 923 285 990 proficiscebatur·
296 923 378 990 legio,
395 928 488 978 relictis
504 935 599 996 passim
611 935 726 1000 ignibus,
744 957 801 1005 pm
813 944 930 993 'saurim

15 999 122 1047 oloniae
133 999 248 1046 ambusta
259 1015 265 1044 z
276 997 346 1061 quod
361 999 495 1063 damnum,
508 1017 536 1055 ut
549 1007 670 1072 pleraque
680 1011 741 1059 belli
752 1016 831 1081 mala,
846 1020 932 1082 majo.

13 1075 86 1122 ibus
108 1071 213 1119 aliarum
238 1071 339 1118 urbium
360 1073 475 1123 cladibus
496 1077 684 1131 oblitteratum.
706 1083 928 1145 Quarradectmanp

2 1156 152 1208 ostquarn
168 1143 275 1207 Alpibus
292 1142 403 1206 degressi
416 1158 492 1211 sunt,
510 1151 719 1203 seditiosissimus
734 1160 839 1224 quisque
856 1165 927 1229 signa

31 1220 142 1268 ienuam
155 1217 288 1270 serebant:
303 1233 428 1266 consensu
445 1220 582 1272 meliorum
600 1232 756 1294 compressi,
773 1245 798 1281 et
814 1233 880 1300 legio
898 1239 926 1288 in

5 1300 13 1336 ἱ
25 1293 172 1341 ritanniam
183 1301 333 1339 transvecta.

39 1364 154 1414 LXVII.
166 1364 302 1414 Proximus
314 1364 420 1412 Vitellio
430 1363 443 1412 ὲ
453 1367 740 1431 pretoriiscobnrubus
754 1393 838 1429 metus
852 1397 923 1436 erat:

1 1441 122 1508 eparati
138 1438 263 1506 palmlrm,
279 1439 370 1488 deinde
381 1476 387 1502 ‚
400 1439 488 1490 addito
503 1437 614 1493 honestas
626 1447 753 1498 missionis
767 1454 926 1517 lenimento,
974 1490 976 1495 ·

0 1531 84 1563 rma
97 1511 132 1562 ad
149 1511 266 1561 tribunos
286 1528 345 1560 suos
362 1509 508 1563 deferebant
523 1533 530 1562 :
544 1514 626 1564 donec
637 1529 735 1568 motum
745 1521 924 1590 aVespasiann
941 1526 947 1537 “

6 1611 12 1629 ·
22 1589 111 1638 ellum
122 1585 293 1660 crebresceret
303 1603 308 1633 ε
319 1596 387 1645 tum,
400 1589 529 1655 resumpli
542 1589 634 1640 militii
641 1628 648 1651 ‚
661 1594 925 1654 roburFlavianarnm

0 1667 126 1715 metium
141 1661 221 1746 litere,
233 1663 318 1713 Prima
331 1664 493 1716 classicorum
507 1665 576 1734 legio
591 1670 616 1718 in
630 1671 779 1738 Hispaniam
792 1677 883 1740 missa,
894 1687 926 1733 ut

1 1817 63 1864 ,ηρ
82 1811 304 1862 :tertiadecimani
326 1823 424 1862 struere
443 1815 629 1882 amphitheatra
644 1817 706 1882 jussi
722 1839 727 1869 :
746 1839 804 1872 nam
820 1823 924 1877 cactus

25 1878 261 1942 remonae‚'Valens
274 1885 408 1953 Bnnoniae,
420 1883 592 1954 spectaculum
607 1891 777 1956 gladiatorum
790 1886 864 1945 'edere
873 1915 922 1964 pa«

12 1963 98 2012 abant
111 1978 117 2008 :
131 1975 261 2023 nunquam
276 1959 312 2008 ita
326 1959 358 2008 ad
374 1977 447 2010 curas
461 1963 560 2013 intento
576 1963 699 2030 Vitellio,
716 1981 746 2020 ut
757 1970 920 2039 voluptatum

8 2036 213 2087 ·blivisceretur.

38 2106 166 2157 LXVIII.
176 2107 210 2156 Et
220 2105 326 2170 quidem
338 2116 422 2170 partes
432 2105 546 2156 modeste
557 2107 720 2160 distraxerat:
731 2114 799 2177 apud
810 2119 922 2169 victores

8 2197 64 2233 rta
74 2181 175 2242 seditio,
185 2179 284 2227 ludIcro
296 2177 385 2238 initio,
398 2177 446 2228 ulai
456 2195 580 2230 numerus
589 2197 710 2230 caesorum
720 2184 844 2235 invidIam
852 2190 923 2238 bello

1 2259 130 2308 arixisset.
142 2252 313 2302 Discubuerat
321 2251 442 2302 Vitellius
451 2253 550 2313 Ticini,
562 2253 677 2304 adhibito
688 2255 719 2304 ad
729 2259 816 2322 epulas
827 2249 921 2328 Vergi-

0 2325 834 2396 ··io.Legatitribunique,exmoribusimperatorum‚sereritatem
841 2351 921 2386 aemn-

1 2413 106 2466 lentur,
115 2403 156 2452 vel
166 2401 322 2468 tempestivis
331 2401 456 2450 conviviis
466 2401 587 2467 gaudent:
599 2403 704 2467 perinde
714 2405 788 2453 miles
797 2407 921 2476 intentus,
937 2443 941 2450 ,

3 2493 52 2534 aut
63 2481 169 2528 licenter
181 2475 243 2541 agit.
254 2474 332 2540 Apud
341 2473 476 2524 Vitellium
488 2476 574 2524 omnia
590 2475 756 2542 indisposita,
766 2479 918 2544 iemulenta,

1 2553 147 2624 pervigiliis
157 2567 185 2600 ac
195 2548 407 2613 Bacchanalibus,
419 2547 495 2615 quim
506 2549 644 2616 disciplinae
655 2562 682 2598 et
692 2553 781 2601 castris
788 2557 918 2621 propiora.

3 2629 87 2695 Igitur
99 2625 197 2673 duobus
212 2623 351 2685 militibus,
368 2622 448 2670 altero
463 2623 570 2687 legionis
586 2624 695 2688 quintas,
709 2625 790 2674 altero
805 2626 819 2675 ὲ
836 2628 918 2682 Gallis

7 2699 188 2755 auxiliaribus,
197 2697 381 2763 perlasoiriam
388 2735 397 2758 ,
407 2696 439 2744 ad
449 2707 575 2746 certamen
586 2696 699 2746 luctandi
709 2700 833 2761 accensis,
843 2716 919 2768 post-

5 2791 84 2840 quam
99 2773 255 2836 legionarius.
266 2768 427 2837 prociderat,
447 2771 584 2819 insultante
604 2767 695 2834 Gallo,
710 2782 737 2820 es
755 2774 802 2835 iis,
819 2767 865 2840 qui
882 2780 917 2829 ad

7 2845 157 2917 sperandum
168 2854 353 2904 conveneram,
371 2844 397 2890 in
418 2845 501 2891 studIa
517 2842 645 2911 diductis,
660 2847 765 2912 erupere
783 2840 917 2916 legionarii

7 2927 35 2973 in
52 2919 188 2988 perniciem
201 2919 367 2976 auxiliorum,
391 2933 420 2964 ac
442 2915 497 2964 dua
515 2916 795 2973 cobortesinterlecte.
819 2928 917 2978 Reme.

11 2998 81 3046 (llum
99 2992 222 3041 tumuistis
236 2989 283 3040 luit
295 2989 358 3040 alius
370 2991 511 3040 tumultus:
529 2993 613 3058 pulvis
623 2994 724 3058 procul,
743 3007 770 3044 et
784 3002 915 3058 armsad-
997 3036 1003 3040 -

12 3066 179 3136 spiciebantur
190 3081 195 3111 ι
206 3065 390 3112 conclamatum
396 3064 505 3130 repente,
513 3085 527 3116 <r
533 3069 773 3132 quartamdecimam
778 3073 915 3136 legionem,

14 3162 84 3195 verso
94 3145 196 3207 itinere,
207 3143 238 3192 ad
248 3143 362 3210 praelium
371 3145 482 3192 reniret)
494 3161 499 3190 ι
512 3143 556 3191 sed
568 3157 638 3192 erant
649 3145 755 3208 agminis
764 3158 893 3207 coactores
907 3166 914 3197 :

15 3219 89 3285 agniti
108 3216 237 3283 dempsere
261 3217 466 3265 sollicitudinem.
485 3217 591 3264 Interim
610 3218 724 3282 Verginii
742 3235 830 3266 servus
851 3219 915 3271 sorte

17 3293 114 3351 obrius,
126 3302 154 3338 ut
162 3308 176 3338 n
185 3307 318 3356 percussor
329 3290 451 3338 Vitellii»
467 3289 627 3338 insImulatur
637 3307 643 3335 :
655 3301 680 3336 et
692 3291 781 3342 ruebat
789 3291 820 3340 ad
831 3296 918 3341 couvi.

17 3363 83 3417 rium
91 3363 162 3415 miles
168 3401 179 3429 ,
191 3363 459 3431 smortemVerginiia
467 3375 614 3426 exposcens.
623 3361 662 3413 Ile
669 3360 788 3499 Virglipr
796 3362 915 3430 quidem,
